2174 3406
238 299 303 423 224
249 902 300 1317 LETTERS ON
355 310 445 1953 frighful increase of the Prosecutions - Suddenly put a
437 329 512 1786 top to - The Penitence of those concerned in them.
611 291 701 1949 OUR account of Demonology in England must
692 259 780 1951 naturally, as in every other country, depend
770 211 860 1960 chiefly on the instances which history contains of
852 257 938 1952 the laws and prosecutions against witchcraft.
929 262 1019 1950 Other superstitions arose and decayed, were
1009 249 1099 1952 dreaded or despised, without greater embarrass-
1089 254 1179 1950 ment, in the provinces in which they have a tem-
1169 252 1258 1950 porary currency, than that cowards and children
1249 256 1337 1959 go out more seldom at night, while the reports of
1328 251 1418 2156 ghosts and fairies are peculiarly current. But
1407 253 1496 1952 when the alarm of witchcraft arises, Superstition
1487 256 1577 1952 dips her hand in the blood of the persons accused,
1567 246 1656 1954 and records in the annals of jurisprudenece their
1646 254 1736 1960 trials, and the canses alleged in vindication of
1726 256 1815 1951 their execution. Respecting other fantastic alle-
1807 183 1896 1949 gations, the proof is necessarily transient and
1884 255 1975 1949 doubtful, depending upon the inaccurate testi-
1964 250 2053 1950 mony of vague report and of doting tradition.
2044 210 2135 2155 But in cases of witchcraft, we have before us the
2124 250 2214 1948 recorded evidence upon which judge and jury act-
2202 248 2293 1958 ed, and can form an opinion with some degree of
2281 251 2372 1950 certainty of the grounds, real or fanciful, on which
2345 243 2463 2168 they acquitted or condemned. It is, therefore, in
2441 246 2532 2109 tracing this part of Demonology, with its accom-
2521 241 2610 2158 panying circumstances, that we have the best chance
2601 252 2691 1815 of obtaining an accurate view of our subject.
2680 251 2771 1947 The existence of witchcraft was, no doubt, re-
2759 246 2852 1947 ceived and credited in England, as in the coun-
2838 243 2932 1947 tries on the continent, and originally punished
2919 245 3010 1947 accordingly. But after the fourteenth century,
2994 245 3091 1945 the practices which fell under such a description
