2178 3406
228 282 289 408 212
243 880 289 1306 LETTERS ON
353 245 437 1940 chiefly current in France, but was known in other
435 243 519 1959 Countries, and is the subject of great debate be-
513 239 593 1935 tween Wier, Nande, Scot, on the one hand, and
592 236 684 1962 their demonological adversaries on the other. The
671 237 761 1937 idea, said the one party, was, that a human being
749 234 841 1960 had the power, by sorcery, of transforming himself
830 232 920 1960 into the shape of a wolf, and in that capacity, being
911 234 1002 1962 seized with a species of fury, he rushed out, and
990 231 1080 1958 made havoc among the flocks, slaying and was-
1068 230 1158 1958 ting, like the animal whom he represented, far
1148 228 1239 1960 more than he could devour. The more incredu-
1227 225 1316 1956 lous reasoners would not allow of a real transfor-
1310 225 1387 1962 mation, whether with or without the enchanted
1389 225 1480 1957 hide of a wolf, which in some cases was supposed
1470 226 1558 1925 to aid the metamorphosis, and contended that ly-
1550 225 1640 1954 canthropy only subsisted as a woful species of dis-
1630 223 1719 1955 ease, a melancholy state of mind, broken with ooca
1710 223 1800 1954 sional fits of insanity, in which the patient ima-
1789 223 1878 1955 gined that he committed the ravages of which he
1869 220 1958 1953 was accused.  Such a person, a mere youth, was
1949 220 2038 1946 tried at Besançon, who gave himself out for a ser-
2029 219 2118 1951 vant, or yeoman pricker, of the Lord of the Forest,
2107 213 2197 1949 so he called his superior, who was judged to be the
2188 208 2277 2058 devil. He was, by his master's power, transform-.
2267 213 2356 1953 ed into the likeness, and performed the usual func-
2347 215 2437 1949 tions, of a wolf, and was attended in his course
2427 215 2519 1951 by one larger, which he supposed the Lord of
2506 215 2595 1949 the Forest himself. These wolves, he said, rava-
2585 213 2695 1938 ged the flocks, and throttled the dogs which stood
2667 214 2745 1916 in their defence. If either had not seen the other,
2745 213 2835 1941 he howled, after the manner of the animal, to call
2824 214 2916 1914 his comrade to his share of the prey; if he did not
2903 214 2996 1948 come upon this signal, he proceeded to bury it the
2988 233 3079 1009 best way he could.
