2173 3401
210 264 272 590 330
225 871 274 1283 LETTERS ON
341 230 429 1918 charge. It appears that the Major, with a maid-
420 228 508 1919 en sister who had kept his house, was subject to
500 227 589 1917 fits of melancholic lunacy, an infirmity easily re-
580 228 666 1918 concilable with the formal pretences which he
660 227 746 1918 made to a high show of religious zeal. He was
738 225 826 1916 peculiar. in his gift of prayer, and as was the cus-
819 226 903 1922 tom of the period, was often  called to exercise
896 227 985 1920 this talent by the bedside of sick persons, until it
978 226 1064 1922 came to be observed, that, by some association,
1058 224 1144 1916 which it is more easy to conceive than to explain,
1135 226 1223 1919 he could not pray with the same warmth and
1215 221 1304 1922 fluency of expression, unless when he had in his
1296 223 1382 1924 hand a stick of peculiar shape and appearance,
1376 225 1460 1910 which he generally walked with. It was noticed,
1455 226 1532 1916 in short, that when this stick was taken from him,
1533 225 1622 1920 his wit and talent appeared to forsake him. This
1613 229 1701 1921 Major Weir was seized by the magistrates on a
1692 229 1780 1921 strange whisper that became current respecting
1773 227 1859 1918 vile practices, which he seems to have admitted
1852 230 1931 1919 without, either shame or contrition. The dis-
1932 225 2018 2011 gusting profligacies which he confessed, were of
2012 231 2098 1918 such a character, that it maybe charitably hoped
2092 229 2178 1917 most of them were the fruits of a depraved
2170 229 2259 1917 imagination, though he appears to have been in
2250 227 2338 1919 many respects a wicked and criminal hypocrite.
2330 231 2416 1919 When he had completed his confession, he avow-
2409 229 2497 1918 ed solemnly that he had not confessed the hun-
2489 230 2575 1921 dredth part of the crimes which he had committed.
2567 230 2653 1920 From this time he would answer no interroga-
2648 228 2734 1920 tory, nor wonld he have recourse to prayer, ar-
2728 228 2811 1920 guing, that as he had no hope whatever of esca-
2806 227 2892 1920 ping Satan, there was no need of incensing him by
2887 227 2970 1920 vain efforts at repentance. His witchcraft seems
2964 227 3054 1918 to have been taken for granted on his own confes-
