2140 3088
207 759 299 1287 - 21 -
345 166 455 1723 Kreuzfahrer, wenn gleich derſelbe aus vielen Tau-
464 168 541 1726 ſenden von Fußſoldaten beſtand, nur acht Reiter
552 168 629 1724 zeigte. Es iſt nicht zum Verwundern, ſagt ein Ge-
640 167 718 1724 ſchichtſchreiber, wenn ein Vogel mit kurzen Flügeln,
728 165 804 1724 jedoch mit einem Schweife von ſo unverhältnißmäßi-
816 166 894 1730 ger Länge einen fernen Flug nehmen könnte. Der
904 167 979 1727 Schwärmereifer dieſer Unwiſſenden und Voreiligen,
992 168 1068 1728 die eher einen Pöbelhaufen ausmachten, als daß ſie
1080 170 1154 1730 ein Heer bildeten, und die durchaus keine Kriegs-
1169 168 1245 1730 regel beobachteten, war ſo gewaltig, daß ſie die ge-
1258 171 1335 1735 ringſte Vorſichtsmaaßregel nicht nur als unnütz, ſon-
1344 168 1420 1731 dern als eine wirkliche Schmähung gegen den Him-
1433 168 1507 1736 mel anſahen, die einen Zweifel vorausſetzte, ob die
1519 168 1597 1737 Fürſehung auch wohl  die Krieger verſorgen und be-
1604 169 1716 1736 ſchüten werde, die ſich ſreiwillig dieſer heiligen Sache
1681 179 1781 825 gewidmet hatten.
1775 312 1859 1733 Dieſer wildbewegte Pöbel erwartete deswegen
1871 171 1948 1741 auch nicht die hohen Fürſten und Heerführer, die
1958 171 2036 1740 ſich zu gleichem Zuge anheiſchig gemacht hatten; ſon-
2045 171 2122 1741 dern beſchloß, auf eigene Hand fortzuziehen. Sich
2135 172 2210 1744 himmliſchen Schutzes zu verſichern, ſtelte man Peter
2222 173 2297 1742 den Eremiten an die Spitze; jedoch weder ſeine
2309 172 2385 1741 Leitung, noch die Geſchicklichkeit ſeines Unterführers,
2398 172 2474 1868 eines tapferen, jedoch blutarmen Ritters Namens
2484 174 2561 1746 Walter, der wegen ſeiner Dürftigkeit den Beinamen
2571 174 2649 1931 „der Hellerloſe“ erhalten hatte, waren vermögend,
2653 183 2739 1746 einen ſo zahlreichen und regelloſen Schwarm zu zü-
212 923 293 1318 - 96 -
347 349 448 2151 Conſtantia, Prinzeſſin von Caſtilien, die er nach der
453 350 536 1919 Erklärung des Conciliums von Baugence, daß ſeine
540 349 626 1921 Ehe mit Eleonoren von Aquitanien ungültig wäre,
635 374 715 1035 geheirathet hatte.
721 489 796 1913 Prinz und Prinzeſſin waren Beide noch Kinder,
806 353 894 1917 allein es war in jenen Tagen herkömmlich, Vermäh-
897 354 975 1919 lungsbündniſſe zwiſchen Perſonen hohen Standes viele
984 348 1062 2076 Jahre vor deren Vollährigkeit zu ſchließen. Hein-
1071 349 1151 1922 rich, der ſich die Miene gab, als wäre er durch dieſe
1162 355 1235 1915 Vermählung der geehrtere Theil, verſchwendete werth-
1247 355 1339 1919 volle Geſchenke an Alle am franzöſiſchen Hofe, deren
1337 354 1414 1918 gute Meinung oder beifällige Geſinnung ſeiner Un-
1422 348 1504 2150 terhandlung förderlich werden konnte. Seine Frei-
1499 350 1596 2151 gebigkeit erſtreckte ſich ſogar auf die Doctoren der
1589 331 1687 2152 Univerſität, ja auf die Studenten derſelben, ſo wie
1678 350 1766 2150 auf die vorzüglichſten Bürger. In jedem Punkte,
1777 353 1850 1919 der das Ceremoniel oder die Etikette betraf, war
1863 349 1941 2132 es Heinrichs Politik, dem Könige Ludwig die ver-
1953 354 2028 1917 bindlichſte Aufmerkſamkeit zu bezeugen und unter
2041 353 2117 1915 den Pflichtbeobachtungen eines getreuen Vaſallen je-
2126 351 2203 1916 nes furchtbare Anſehen zu verbergen, welches ohne
2215 352 2291 1915 das ihn zum Gegenſtande des Neides und des Arg-
2299 351 2379 1917 wohns ſeines Lehensherrn hätte machen müſſen. Er
2389 353 2470 1914 ſtimmte ſogar der Abſicht Ludwigs hinſichtlich eines
2480 353 2557 1912 heiligen Krieges bei; indem er ſich verpflichtete, die-
2568 354 2644 1908 ſem Monarchen mit ſeiner ganzen Streitmacht in
2655 354 2735 1911 einem Kreuzzuge beizuſtehen, der nicht gegen die
187 774 289 1211 - 219  -
327 211 447 1762 häuſer, die man be der Erſtürmnug erobert hatte;
456 212 532 1764 allein die untergeordneten Führer des Kreuzheeres
543 207 619 1764 waren darüber unzufrieden, indem ſie vorbrachten,
632 205 712 1816 daß bei ſolchen Gelegenheiten dem Oberfeldherrn nur
721 207 796 1764 ein Drittheil der Beute gebührte, der Reſt aber
809 205 885 1764 ſeinen Kampfgenoſſen gehörte. Dies erregte unwil-
897 208 1016 1762 len und Ungehorſam bei den Lebensherren und unter-
979 176 1063 1413 grub nicht wenig Ludwigs Anſehen.
1027 345 1151 1915 Als Mangel an Kriegszucht ſich auf ſolche Weiſe
1163 207 1239 1761 eingeſchlichen hatte, gewahrte man nur allzubald,
1251 205 1327 1759 daß das Heer Ludwigs des Heiligen um nichts bef-
1336 203 1415 1762 ſer war, als die früheren Kreuzfahrer; denn eines
1427 207 1500 1759 Steinwurfs weit von dem Zelte des Königs wur-
1511 202 1592 1759 den unter Begünſtigung mehrerer Höflinge die ärg-
1601 201 1677 1760 ſten Frechheiten getrieben. Mittlerwelle blieben die
1683 158 1774 1759 Kreuzfahrer in Damiette, wo ſie zunächſt auf das
1767 202 1856 1758 Zurückweichen der Nilüberſchwemmnng und ſodann
1867 202 1942 1779 auf die Ankunft des Grafen Alfons von Poitiers war-
1954 201 2028 1757 teten, der durch das Ungeſtüm des Wetters, oder,
2039 198 2116 1759 wie Andere ſagen, durch ſpätere Ahfahrt von ſeinumn
2121 198 2212 1857 Bruder getrennt blieb. Endlich kam bieſer Prinz
2217 201 2295 1757 an; und Ludwig beſchloß einen Ausfall gegen Groß-
2303 200 2383 1757 Cairo, welches die Einzügler Babylon nannten, zu
2394 205 2470 1756 machen. Allein der Nilſtrom, von dem die Chri-
2482 198 2557 1759 ſten glaubten, er entſpränge im Erdenparadieſe, war
2571 197 2647 1757 zur Zeit noch in der Fluth und hemmte alle Augen-
2658 198 2780 1754 blicke ihr Vorſchreiten. Beſanders ward ihnen. ein
229 629 287 1215 - 125 -
362 216 441 1779 horſam zurückgeführt, der junge Heinrich unter allen
452 156 529 1780 ſeinen Brüdern der Tauglichſte war, die hohe Stel-
538 214 617 1779 lung eines Vaſallen der franzöſiſchen Krone zu be-
629 212 702 1779 haupten. Er hatte keinesweges daſſelbe Vertrauen
714 212 792 1780 zu den Fähigkeiten ſeiner übrigen Söhne, und war
803 211 880 1779 ſonach ſchier untröſtlich über den erlittenen Verluſt.
890 350 968 1776 Neue Kriege und Miſverſtändniſſe zwiſchen
977 211 1057 1780 Frankreich und England ergaben ſich auf Seiten
1067 210 1140 1777 Heinrichs aus einem Vorwande von keinesweges auf-
1153 209 1231 1778 richtiger Beſchaffenheit. Adelheid, die Schweſter
1243 208 1325 1778 Philipps, des Königs von Frankreich, hatte eine
1331 208 1406 1777 Zeitlang am engländiſchen Hofe unter dem Vertrage
1416 208 1492 1774 reſidirt, mit Richard, der jetzt der älteſte der leben-
1501 208 1579 1778 den Söhne Heinrichs des Zweiten war, vermählt zu
1594 205 1670 1859 werden. Allein aus etlichen nicht leicht genau zu
1681 207 1757 1772 beſtimmenden Gründen verſchob der König von Eng-
1769 209 1845 1777 land zu mehreren Malen die Vermählung, ſo daß
1859 130 1936 1776 er in Verdacht gerieth, er hege ſelbſt eine weder
1946 204 2019 1771 ſeinem Alter noch ſeinem Verſtande angemeſſene Lei-
2032 205 2110 1772 denſchaft zu der jungen Prinzeſſen. König Philipp
2122 204 2199 1771 verlangte nun mit dem Schwerte in der Hand die
2209 209 2290 1769 Verehelichung ſeiner Schweſter. Andere Gründe
2296 207 2376 1771 zum Mißvergnügen, die ſich fortwährend zwiſchen
2387 206 2461 1770 einem ſo mächtigen Lehensherrn und einem ſo ſtolzen
2475 207 2550 1785 Vaſallen erhoben, erhitzten den Groll auf beiden
2563 201 2638 1769 Seiten; auch bewahrten Heinrichs Talente, die durch
2651 208 2727 1766 hohes Alter einigermaaßen in Abnahme ſeyn mog-
222 812 288 1209 - 77 -
351 249 441 1321 wagten den Ankömmlingen weder
358 1339 432 1949 Beiſtand noch
443 232 521 1841 Widerſtand zu leiſten. Um ſich der Kreuzfahrer zu
535 232 609 1796 entledigen, erboten ſie ſich, dieſelben nach Antiochien
621 230 699 1799 überzuſetzen. So gingen der König und deſſen Edle
711 229 785 1796 und Ritter zu Attalia an Bord, um dem Fürſten-
799 230 874 1797 thume Antiochien zuzuſegeln, welches Bohemund wäh-
884 230 961 1811 rend des erſten Kreuzzuges begründet hatte, das je-
975 231 1048 1795 doch nunmehr von Raimund de Poitiers, einem latei-
1059 231 1137 1795 niſchen Fürſten beherrſcht ward, der den König mit
1147 230 1237 1793 den äußeren Zeichen der Hochachtung und Güte auf-
1231 225 1314 1792 nahm. Indeſſen Ludwig betrachtete dieſe Aufmerk-
1322 225 1402 1793 ſamkeit und Höflichkeit mit Mißtrauen, indem er
1412 226 1485 1791 es durchſchauete, wie Raimund die Abſicht hatte,
1499 223 1582 1917 von den franzöſiſchen Streitern Beiſtand zum Schutze
1576 222 1669 1965 und zur Erweiterung ſeines eigenen Beſitzthums von
1669 225 1751 1793 Antiochien zu erlangen, und zu dem Ende deren
1764 236 1839 1389 Reiſe nach Jeruſalem zu unterbrechen.
1851 365 1927 1789 Während nun der ausgeſuchteſte Theil des fran-
1939 223 2016 1792 zöſiſchen Heeres in Ludwigs Geleite Antiochien er-
2026 222 2104 1791 reichte, machten diejenigen Schaaren, welche in Atta-
2114 226 2195 1790 lia geblieben waren, ſowohl zu Waſſer wie zu Lande,
2203 224 2282 1790 wiederholte Verſuche, zu ihrem Monarchen zu ge-
2290 223 2369 1785 langen; allein kein Verſuch wollte gelingen, und die-
2380 224 2456 1790 ſer ihr letzter Marſch war ſo unglücklich, der Stolz
2466 221 2549 1832 wie die Entſchloſſenheit der chriſtlichen Krieger ſo ge-
2556 220 2632 1869 ſunken, daß drei oder viertauſend von ihnen ſich nicht
2639 222 2720 1791 nur den Ungläubigen ergaben, ſondern ſogar zum
189 959 248 1360 - 44 -
298 377 402 1927 mehr als Robert, der Herzog von der Normandie.
413 373 490 2056 Um ſich ſelbſt dem Kreuzzuge zu widmen, hatte die-
502 378 577 1928 ſer älteſte Sohn Wilhelms des Eroberers die Nor-
592 376 666 1936 mandie, die von ſeines Vaters Beſitzungen der ein-
681 373 759 2034 zige Theil war, der ihm zuſiel, an ſeinen Bruder
767 376 843 1930 Wilhelm den Rothen, König von England für eine
855 376 932 1928 große Summe Geldes verpfändet. Allein während
943 375 1020 1933 Robert beſchäftigt war, mahomedaniſche Kämpen
1032 376 1115 1933 vom Wirbel bis zum Gürtel zu ſpalten und Thaten
1119 378 1198 1934 höchſt romantiſcher Tapferkeit zu verrichten, war
1203 375 1285 1934 Wilhelm in Geheim bemüht, den Antheil zu ſichern
1296 374 1377 2031 und bleibend zu machen, den er an dem Pfande
1386 377 1462 1934 hatte, das ihm durch das Lehen des Herzogthums
1469 375 1561 1932 übergeben worden war, und bald ließ es ſich erken-
1554 376 1648 1934 nen, daß ſelbſt wenn Robert im Stande ſeyn und
1648 377 1722 1935 Verlangen tragen ſollte, ſein Land zurückzufordern,
1732 375 1825 1937 deſſen mächtigerer Bruder, aller Wahrſcheinlichkeit
1819 373 1901 2062 nach, nicht auf ſein daran erlangtes Recht verzich-
1911 373 1988 2017 ten würde. Allein der Tod des Wilhelm Rufus
1998 374 2073 1936 brachte einen dritten Sohn des Eroberers mit in
2084 375 2160 1935 das Spiel. Dieſer war Heinrich, der Jüngſte, den
2172 374 2248 1934 ſeine Brüder, ſowohl Robert wie Wilhelm, nach
2250 374 2338 1933 des Vaters Tode mit vieler Strenge behandelt und
2340 374 2437 2007 ihm den kleinſten, ſeinem Range geziemenden Jahr-
2431 375 2514 1935 gehalt verweigert hatten. Bürgerkrieg brach zwi-
2524 376 2599 1936 ſchen den Brüdern aus, und bei einer denkwürdigen
2612 375 2692 2032 Gelegenheit ward Heinrich von ſeinen Brüdern in
218 815 300 1208 - 23 -
331 228 436 1786 war, in verſchiedene Wogen eines und deſſelben her-
445 229 527 1787 anſchwemmenden Oceans, Deutſchland durchzogen
532 227 610 1788 und auf ſeinem Wege unerhörte Unordnungen an-
620 227 696 1788 gerichtet hatte, gelangte es nach Hungarn, wo da-
707 164 789 1868 mals die Ueberreſte der Hunnen und Bulgarier an-
783 165 878 1790 ſäſſig waren. Dieſes kecke Volk fand, obwohl es dem
884 228 964 1789 chriſtlichen Glauben zugethan war, daß die kriege-
970 225 1059 1963 riſchen Pilgrimme des Landes Dörfer plünderten und
1061 228 1137 1791 die Lebensmittel wegnahmen, und griff daher ohne
1141 224 1225 1976 Säumen zu den Waffen gegen die Durchzügler, be-
1235 225 1313 1791 nutzt die Moräſte und ſchwierigen Päſſe des Landes
1326 225 1410 1794 und vernichtete ſo viele von den Kreuzfahrern, daß
1405 225 1485 1792 nur ein Drittheil des Schwarmes, der mit dem Ein-
1497 227 1576 1796 ſiedler Peter gezogen war, auf griechiſches Gebiet
1585 232 1665 1794 entrann. Hier half der Kaiſer Alexius, wiewohl
1670 232 1749 1794 etwas erſtaunt (zweifelsohne über das erbärmliche
1759 230 1841 1791 Ausſehen der Vorhuth ſeiner abendländiſchen Hülfs-
1848 230 1934 1794 völker), ihren Bedürfniſſen ab und war bemühet,
1927 230 2019 1794 ſie dahin zu bringen, Verſtärkungen von Europa
2026 231 2103 1792 her abzuwarten. Allein nachdem ſie einmal der Oſt-
2113 233 2189 1795 ſeite des Boſphorus, wohin die Staatsklugheit des
2201 234 2287 1795 Kaiſers ſie hatte bringen laſſen, nahe waren, ver-
2281 237 2365 1796 lockte der Schwärmereifer dies ſtürmiſche Heer von
2379 250 2453 1400 neuem, in ſein Verderben zu rennen.
2466 379 2543 1791 Sie drangen vor nach Kleinaſien, und Soliman,
2552 241 2630 1799 der Sultan von Antiochien, lockte dieſe unwiſſenden
2640 245 2717 1799 Krieger in die Ebenen von Nicäa, wo ſie unter den
