2143 3101
189 959 248 1360 - 44 -
298 377 402 1927 mehr als Robert, der Herzog von der Normandie.
413 373 490 2056 Um ſich ſelbſt dem Kreuzzuge zu widmen, hatte die-
502 378 577 1928 ſer älteſte Sohn Wilhelms des Eroberers die Nor-
592 376 666 1936 mandie, die von ſeines Vaters Beſitzungen der ein-
681 373 759 2034 zige Theil war, der ihm zuſiel, an ſeinen Bruder
767 376 843 1930 Wilhelm den Rothen, König von England für eine
855 376 932 1928 große Summe Geldes verpfändet. Allein während
943 375 1020 1933 Robert beſchäftigt war, mahomedaniſche Kämpen
1032 376 1115 1933 vom Wirbel bis zum Gürtel zu ſpalten und Thaten
1119 378 1198 1934 höchſt romantiſcher Tapferkeit zu verrichten, war
1203 375 1285 1934 Wilhelm in Geheim bemüht, den Antheil zu ſichern
1296 374 1377 2031 und bleibend zu machen, den er an dem Pfande
1386 377 1462 1934 hatte, das ihm durch das Lehen des Herzogthums
1469 375 1561 1932 übergeben worden war, und bald ließ es ſich erken-
1554 376 1648 1934 nen, daß ſelbſt wenn Robert im Stande ſeyn und
1648 377 1722 1935 Verlangen tragen ſollte, ſein Land zurückzufordern,
1732 375 1825 1937 deſſen mächtigerer Bruder, aller Wahrſcheinlichkeit
1819 373 1901 2062 nach, nicht auf ſein daran erlangtes Recht verzich-
1911 373 1988 2017 ten würde. Allein der Tod des Wilhelm Rufus
1998 374 2073 1936 brachte einen dritten Sohn des Eroberers mit in
2084 375 2160 1935 das Spiel. Dieſer war Heinrich, der Jüngſte, den
2172 374 2248 1934 ſeine Brüder, ſowohl Robert wie Wilhelm, nach
2250 374 2338 1933 des Vaters Tode mit vieler Strenge behandelt und
2340 374 2437 2007 ihm den kleinſten, ſeinem Range geziemenden Jahr-
2431 375 2514 1935 gehalt verweigert hatten. Bürgerkrieg brach zwi-
2524 376 2599 1936 ſchen den Brüdern aus, und bei einer denkwürdigen
2612 375 2692 2032 Gelegenheit ward Heinrich von ſeinen Brüdern in
