2138 3092
212 923 293 1318 - 96 -
347 349 448 2151 Conſtantia, Prinzeſſin von Caſtilien, die er nach der
453 350 536 1919 Erklärung des Conciliums von Baugence, daß ſeine
540 349 626 1921 Ehe mit Eleonoren von Aquitanien ungültig wäre,
635 374 715 1035 geheirathet hatte.
721 489 796 1913 Prinz und Prinzeſſin waren Beide noch Kinder,
806 353 894 1917 allein es war in jenen Tagen herkömmlich, Vermäh-
897 354 975 1919 lungsbündniſſe zwiſchen Perſonen hohen Standes viele
984 348 1062 2076 Jahre vor deren Vollährigkeit zu ſchließen. Hein-
1071 349 1151 1922 rich, der ſich die Miene gab, als wäre er durch dieſe
1162 355 1235 1915 Vermählung der geehrtere Theil, verſchwendete werth-
1247 355 1339 1919 volle Geſchenke an Alle am franzöſiſchen Hofe, deren
1337 354 1414 1918 gute Meinung oder beifällige Geſinnung ſeiner Un-
1422 348 1504 2150 terhandlung förderlich werden konnte. Seine Frei-
1499 350 1596 2151 gebigkeit erſtreckte ſich ſogar auf die Doctoren der
1589 331 1687 2152 Univerſität, ja auf die Studenten derſelben, ſo wie
1678 350 1766 2150 auf die vorzüglichſten Bürger. In jedem Punkte,
1777 353 1850 1919 der das Ceremoniel oder die Etikette betraf, war
1863 349 1941 2132 es Heinrichs Politik, dem Könige Ludwig die ver-
1953 354 2028 1917 bindlichſte Aufmerkſamkeit zu bezeugen und unter
2041 353 2117 1915 den Pflichtbeobachtungen eines getreuen Vaſallen je-
2126 351 2203 1916 nes furchtbare Anſehen zu verbergen, welches ohne
2215 352 2291 1915 das ihn zum Gegenſtande des Neides und des Arg-
2299 351 2379 1917 wohns ſeines Lehensherrn hätte machen müſſen. Er
2389 353 2470 1914 ſtimmte ſogar der Abſicht Ludwigs hinſichtlich eines
2480 353 2557 1912 heiligen Krieges bei; indem er ſich verpflichtete, die-
2568 354 2644 1908 ſem Monarchen mit ſeiner ganzen Streitmacht in
2655 354 2735 1911 einem Kreuzzuge beizuſtehen, der nicht gegen die
