2106 3092
187 774 289 1211 - 219  -
327 211 447 1762 häuſer, die man be der Erſtürmnug erobert hatte;
456 212 532 1764 allein die untergeordneten Führer des Kreuzheeres
543 207 619 1764 waren darüber unzufrieden, indem ſie vorbrachten,
632 205 712 1816 daß bei ſolchen Gelegenheiten dem Oberfeldherrn nur
721 207 796 1764 ein Drittheil der Beute gebührte, der Reſt aber
809 205 885 1764 ſeinen Kampfgenoſſen gehörte. Dies erregte unwil-
897 208 1016 1762 len und Ungehorſam bei den Lebensherren und unter-
979 176 1063 1413 grub nicht wenig Ludwigs Anſehen.
1027 345 1151 1915 Als Mangel an Kriegszucht ſich auf ſolche Weiſe
1163 207 1239 1761 eingeſchlichen hatte, gewahrte man nur allzubald,
1251 205 1327 1759 daß das Heer Ludwigs des Heiligen um nichts bef-
1336 203 1415 1762 ſer war, als die früheren Kreuzfahrer; denn eines
1427 207 1500 1759 Steinwurfs weit von dem Zelte des Königs wur-
1511 202 1592 1759 den unter Begünſtigung mehrerer Höflinge die ärg-
1601 201 1677 1760 ſten Frechheiten getrieben. Mittlerwelle blieben die
1683 158 1774 1759 Kreuzfahrer in Damiette, wo ſie zunächſt auf das
1767 202 1856 1758 Zurückweichen der Nilüberſchwemmnng und ſodann
1867 202 1942 1779 auf die Ankunft des Grafen Alfons von Poitiers war-
1954 201 2028 1757 teten, der durch das Ungeſtüm des Wetters, oder,
2039 198 2116 1759 wie Andere ſagen, durch ſpätere Ahfahrt von ſeinumn
2121 198 2212 1857 Bruder getrennt blieb. Endlich kam bieſer Prinz
2217 201 2295 1757 an; und Ludwig beſchloß einen Ausfall gegen Groß-
2303 200 2383 1757 Cairo, welches die Einzügler Babylon nannten, zu
2394 205 2470 1756 machen. Allein der Nilſtrom, von dem die Chri-
2482 198 2557 1759 ſten glaubten, er entſpränge im Erdenparadieſe, war
2571 197 2647 1757 zur Zeit noch in der Fluth und hemmte alle Augen-
2658 198 2780 1754 blicke ihr Vorſchreiten. Beſanders ward ihnen. ein
