2146 3103
222 812 288 1209 - 77 -
351 249 441 1321 wagten den Ankömmlingen weder
358 1339 432 1949 Beiſtand noch
443 232 521 1841 Widerſtand zu leiſten. Um ſich der Kreuzfahrer zu
535 232 609 1796 entledigen, erboten ſie ſich, dieſelben nach Antiochien
621 230 699 1799 überzuſetzen. So gingen der König und deſſen Edle
711 229 785 1796 und Ritter zu Attalia an Bord, um dem Fürſten-
799 230 874 1797 thume Antiochien zuzuſegeln, welches Bohemund wäh-
884 230 961 1811 rend des erſten Kreuzzuges begründet hatte, das je-
975 231 1048 1795 doch nunmehr von Raimund de Poitiers, einem latei-
1059 231 1137 1795 niſchen Fürſten beherrſcht ward, der den König mit
1147 230 1237 1793 den äußeren Zeichen der Hochachtung und Güte auf-
1231 225 1314 1792 nahm. Indeſſen Ludwig betrachtete dieſe Aufmerk-
1322 225 1402 1793 ſamkeit und Höflichkeit mit Mißtrauen, indem er
1412 226 1485 1791 es durchſchauete, wie Raimund die Abſicht hatte,
1499 223 1582 1917 von den franzöſiſchen Streitern Beiſtand zum Schutze
1576 222 1669 1965 und zur Erweiterung ſeines eigenen Beſitzthums von
1669 225 1751 1793 Antiochien zu erlangen, und zu dem Ende deren
1764 236 1839 1389 Reiſe nach Jeruſalem zu unterbrechen.
1851 365 1927 1789 Während nun der ausgeſuchteſte Theil des fran-
1939 223 2016 1792 zöſiſchen Heeres in Ludwigs Geleite Antiochien er-
2026 222 2104 1791 reichte, machten diejenigen Schaaren, welche in Atta-
2114 226 2195 1790 lia geblieben waren, ſowohl zu Waſſer wie zu Lande,
2203 224 2282 1790 wiederholte Verſuche, zu ihrem Monarchen zu ge-
2290 223 2369 1785 langen; allein kein Verſuch wollte gelingen, und die-
2380 224 2456 1790 ſer ihr letzter Marſch war ſo unglücklich, der Stolz
2466 221 2549 1832 wie die Entſchloſſenheit der chriſtlichen Krieger ſo ge-
2556 220 2632 1869 ſunken, daß drei oder viertauſend von ihnen ſich nicht
2639 222 2720 1791 nur den Ungläubigen ergaben, ſondern ſogar zum
