2140 3088
207 759 299 1287 - 21 -
345 166 455 1723 Kreuzfahrer, wenn gleich derſelbe aus vielen Tau-
464 168 541 1726 ſenden von Fußſoldaten beſtand, nur acht Reiter
552 168 629 1724 zeigte. Es iſt nicht zum Verwundern, ſagt ein Ge-
640 167 718 1724 ſchichtſchreiber, wenn ein Vogel mit kurzen Flügeln,
728 165 804 1724 jedoch mit einem Schweife von ſo unverhältnißmäßi-
816 166 894 1730 ger Länge einen fernen Flug nehmen könnte. Der
904 167 979 1727 Schwärmereifer dieſer Unwiſſenden und Voreiligen,
992 168 1068 1728 die eher einen Pöbelhaufen ausmachten, als daß ſie
1080 170 1154 1730 ein Heer bildeten, und die durchaus keine Kriegs-
1169 168 1245 1730 regel beobachteten, war ſo gewaltig, daß ſie die ge-
1258 171 1335 1735 ringſte Vorſichtsmaaßregel nicht nur als unnütz, ſon-
1344 168 1420 1731 dern als eine wirkliche Schmähung gegen den Him-
1433 168 1507 1736 mel anſahen, die einen Zweifel vorausſetzte, ob die
1519 168 1597 1737 Fürſehung auch wohl  die Krieger verſorgen und be-
1604 169 1716 1736 ſchüten werde, die ſich ſreiwillig dieſer heiligen Sache
1681 179 1781 825 gewidmet hatten.
1775 312 1859 1733 Dieſer wildbewegte Pöbel erwartete deswegen
1871 171 1948 1741 auch nicht die hohen Fürſten und Heerführer, die
1958 171 2036 1740 ſich zu gleichem Zuge anheiſchig gemacht hatten; ſon-
2045 171 2122 1741 dern beſchloß, auf eigene Hand fortzuziehen. Sich
2135 172 2210 1744 himmliſchen Schutzes zu verſichern, ſtelte man Peter
2222 173 2297 1742 den Eremiten an die Spitze; jedoch weder ſeine
2309 172 2385 1741 Leitung, noch die Geſchicklichkeit ſeines Unterführers,
2398 172 2474 1868 eines tapferen, jedoch blutarmen Ritters Namens
2484 174 2561 1746 Walter, der wegen ſeiner Dürftigkeit den Beinamen
2571 174 2649 1931 „der Hellerloſe“ erhalten hatte, waren vermögend,
2653 183 2739 1746 einen ſo zahlreichen und regelloſen Schwarm zu zü-
