2217 3152
218 815 300 1208 - 23 -
331 228 436 1786 war, in verſchiedene Wogen eines und deſſelben her-
445 229 527 1787 anſchwemmenden Oceans, Deutſchland durchzogen
532 227 610 1788 und auf ſeinem Wege unerhörte Unordnungen an-
620 227 696 1788 gerichtet hatte, gelangte es nach Hungarn, wo da-
707 164 789 1868 mals die Ueberreſte der Hunnen und Bulgarier an-
783 165 878 1790 ſäſſig waren. Dieſes kecke Volk fand, obwohl es dem
884 228 964 1789 chriſtlichen Glauben zugethan war, daß die kriege-
970 225 1059 1963 riſchen Pilgrimme des Landes Dörfer plünderten und
1061 228 1137 1791 die Lebensmittel wegnahmen, und griff daher ohne
1141 224 1225 1976 Säumen zu den Waffen gegen die Durchzügler, be-
1235 225 1313 1791 nutzt die Moräſte und ſchwierigen Päſſe des Landes
1326 225 1410 1794 und vernichtete ſo viele von den Kreuzfahrern, daß
1405 225 1485 1792 nur ein Drittheil des Schwarmes, der mit dem Ein-
1497 227 1576 1796 ſiedler Peter gezogen war, auf griechiſches Gebiet
1585 232 1665 1794 entrann. Hier half der Kaiſer Alexius, wiewohl
1670 232 1749 1794 etwas erſtaunt (zweifelsohne über das erbärmliche
1759 230 1841 1791 Ausſehen der Vorhuth ſeiner abendländiſchen Hülfs-
1848 230 1934 1794 völker), ihren Bedürfniſſen ab und war bemühet,
1927 230 2019 1794 ſie dahin zu bringen, Verſtärkungen von Europa
2026 231 2103 1792 her abzuwarten. Allein nachdem ſie einmal der Oſt-
2113 233 2189 1795 ſeite des Boſphorus, wohin die Staatsklugheit des
2201 234 2287 1795 Kaiſers ſie hatte bringen laſſen, nahe waren, ver-
2281 237 2365 1796 lockte der Schwärmereifer dies ſtürmiſche Heer von
2379 250 2453 1400 neuem, in ſein Verderben zu rennen.
2466 379 2543 1791 Sie drangen vor nach Kleinaſien, und Soliman,
2552 241 2630 1799 der Sultan von Antiochien, lockte dieſe unwiſſenden
2640 245 2717 1799 Krieger in die Ebenen von Nicäa, wo ſie unter den
