2068 3028
110 971 184 1075 241
207 168 306 1876 dern, denen ſie begegneten, und die, wie es ſich aus den
299 169 376 1876 grünen Zweigen, welche ſie trugen, ergab, zur Kirche wall-
371 166 448 1877 fahrteten, um der Feier des Tages beizuwohnen. Jedem
441 165 518 1874 dieſer Wanderer legte der Bogenſchütz die Frage vor, wo
512 165 590 1873 der Ort zu finden wäre, der „die blutige Furth“ hieß;
584 168 659 1877 allein Alle ſchienen entweder nichts davon zu wiſſen, oder
654 164 735 1875 der Frage ausweichen zu wollen, wozu ſie Veranlaſſung
727 165 801 1876 von des muntern Schützen Frageweiſe hernahmen, die al-
788 163 876 2002 lerdings ziemlich nach dem geiſtollen Frühſtück ſchmeckte.
865 165 943 1876 Im Allgemeinen ſielen die Antworten dahin aus, daß man
938 167 1017 1878 folchen Ort nicht kennte, oder daß man am heiligen Früh-
1009 167 1087 1878 morgen andere Dinge wahrzunehmen hätte, als ſo abge-
1081 165 1159 1876 ſchmackten Fragen Rede zu ſtehen. Als endlich zu etlichen
1151 119 1229 1877 Malen die Antwort der Schotten faſt der Tücke nahe kam,
1222 118 1295 1877 bemerkte der Minſtrel es, und äußerte, daß immer ein Un-
1294 164 1372 1873 heil im Hinterhalt läge, wenn das Volk dieſes Landes
1366 138 1443 1877 keine höfliche Antwort für ihre Obern oder Vorgeſetzten
1438 122 1513 1875 ſinden könnte, welches eine ihnen eigenthümliche Art wäre,
1508 162 1587 1873 und daß es ſchiene, als zögen ſie in allzu großer Maſſe zum
1579 185 1654 1107 Gottesdienſt am Palmſonntage.
1651 277 1727 1870 „Sonder Zweifel, Herr Schütz,“  fuhr der Minneſänger
1722 161 1799 1873 fort, „werdet Ihr darüber Bericht an Euren Ritter abge-
1793 163 1871 1872 ben; denn ich verſichere Euch, daß wenn Ihr es nicht thut,
1863 162 1939 1873 ich ſelbſt, da meiner Herrin Sicherheit darin verwickelt iſt,
1933 164 2009 1873 es für meine Pflicht erachte, dem Sir John de Walton die
2005 163 2083 1872 Umſtände kund zu machen, die mir Verdacht gegen dieſen
2077 163 2151 1874 außerordentlichen Zuſammenfluß von ſchottiſchen Männern
2147 162 2227 1874 und gegen die Störrigkeit, die ſie ſtatt ihres ſonſtigen höf-
2220 172 2302 1500 lichen Weſens angenomnen haben, erwecken.“
2291 194 2369 1871 „Still, Sir Minſtrel,“ verſetzte der Bogenſchütz, dem
2363 161 2440 1874 die Einmiſchung Bertrams mißfiel, „glaubt mir, daß ſchon
2434 161 2513 1871 Kriegsheere von meinem Bericht an den Feldherrn abhän-
2504 165 2583 1870 gig waren; denn dieſer Bericht gab ſich klar und durch-
2575 162 2654 1866 ſchaulich, wie es die Pflicht des Dienſtes mit ſich bringt.
2647 163 2726 1900 Euer Erdenwallen, mein würdiger Freund, geſchah in ei-
2718 159 2796 1872 nem ganz andern Gebiete, in welchem Friedensangelegen-
2790 160 2873 1869 heiten, alte Lieder, Prophezeihungen und dergleichen zu
