2034 3040
101 962 161 1071 94
185 142 276 1851 in dem Gebiete erwartet worden war, wo ſein Herr für
274 147 350 1853 einen Rebellen und Banditen galt, und wo er ſelbſt von
345 142 424 1866 den meiſten der anweſenden Bauern erkannt werden mußte.
416 144 489 1849 Der Vorfall machte einen erſichtlichen Eindruck auf die
487 145 564 1850 engländiſchen Ritter. Sir John de Walton blickte ernſt
558 142 637 1846 und gedankenvoll, befahl den Jägern ſich auf der Stelle zu
629 143 708 1849 verſammeln, und gebot ſeinen Kriegsknechten eine ſtrenge
702 143 780 1849 Unterſuchung unter denen anzuſtellen, die der Jagd bei-
771 144 850 1845 gewohnt hatten, um zu entdecken, ob Turnbull einige Ge-
845 146 919 1846 fährten unter denſelben haben möchte; jedoch es war ſchon
914 142 996 1847 zu ſpät, dieſe Nachforſchung in dem Maße zu betreiben, in
987 153 1063 1310 welchem de Walton ſie anbefohlen hatte.
1055 248 1134 1846 Als die ſchottiſchen Geleitsmänner ſahen, daß die Jagd,
1128 138 1206 1848 unter deren Vorwande ſie zuſammen berufen worden waren,
1199 141 1274 1847 in der Abſicht unterbrochen ward, Hand an Einen aus
1271 138 1349 1848 ihrer Mitte zu legen, und ihre Perſonen einer Unterſuchung
1341 142 1422 1848 zu unterwerfen, trugen ſie Sorge, ihre Antworten nach den
1413 139 1491 1843 ihnen vorgelegten Fragen ſo einzurichten, daß ſie ihr Ge-
1484 143 1563 1850 heimniß, wenn ein ſolches unter ihnen Statt fand, wohl
1555 139 1632 1850 bewahrten. Viele von ihnen, im Bewußtſeyn, daß ſie den
1626 140 1702 1846 ſchwächeren Theil bildeten, fürchteten ſich vor böſem Spiele,
1697 140 1776 1890 entwiſchten von dem Orte, an welchen man ſie poſtirt hatte
1769 133 1846 2010 und verließen die Jagd als Männer, die einſahen, daß man
1838 132 1931 2010 fie nicht in friedlicher Abſcht hergerufen hatte. Sir John
1913 132 1988 2010 de Walton gewahrte die ſich mindernde Zahl der Schotten;
1981 133 2060 2010 und ihr allmäliges Verſchwinden erweckte von neuem in
2055 137 2132 1848 dem engländiſchen Ritter jenen Grad von Argwohn, durch
2126 144 2205 1526 den er ſich zeither beſonders ausgezeichnet hatte.
2196 249 2277 1851 „Ich bitte Dich,“ ſprach er zu dem Ritter Aimar von
2235 140 2350 1851 Valence, „nimm ſo viel geharniſchte zu Dir, als Du in
2338 136 2417 1853 Zeit von fünf Minuten zuſammen bringen kannſt, geſelle
2411 135 2489 1849 dazu wenigſtens hundert berittene Bogenſchützen und reite
2479 138 2560 1851 in möglichſter Eile und ohne zu geſtatten, daß ein einziger
2547 140 2631 1851 Mann ſich von Deinem Truppe entferne, zum Schloß Dou-
2614 136 2704 1846 glas, um die Beſatzung daſelbſt zu verſtärken; denn ich
2684 138 2774 1847 habe meine eigenen Gedanken über das, was man gegen
2757 135 2846 1846 das Schloß unternehmen möchte, wenn wir hier mit eigenen
