2128 3080
215 553 314 1396 - 87 -
369 158 462 1746 „Ihr ſeht, daß die Noth des Alterthums eben ſo
593 303 726 1742 „Ja,“ antwortete Brunhilde, „und ich habe
731 160 814 1749 vor der berühmten Belagerung von Troja gehört,
822 152 902 1984 bei welcher Gelegenheit ein prunkender Feigling das
913 68 996 1760 Weib  eines Tapſern entſührte und jegliches ritter-
1000 158 1077 1756 liche Zuſammentreffen mit dem Ehemanne, dem er
1089 155 1165 1754 Schmach angethan hatte, ſchonete, ſo daß daraus
1175 156 1259 1766 der Tod vieler ſeiner Brüder, die Verwüſtung ſei-
1254 125 1340 1773 nes Vaterlandes, der Verluſt aller Reichthümer des-
1350 85 1439 1745 ſelben hervorging und er ſelbſt dem Tod eines er-
1432 157 1522 1758 bärmlichen Prahters ſtarb, der nur von ſeinen. Ge-
1529 158 1606 1739 noſſen beklagt  ward; und aus dem Alben ergiebt
1618 157 1696 1756 ſich denn deutlch genug, wie Eure Vorſahren ſich
1706 167 1785 1509 auf die Gesetze der Ritterſchaft verſtanden.“
1792 292 1872 1736 „Ihr ſeyd im Irrthum,, Gräſin,“ ſagte der
1881 159 1957 1762 Cäſar; „die Unthaten des Paris waren die eines
1970 159 2048 1743 frechen Morgenländers; der Muth, der ſie rächte,
2060 163 2136 1661 war der Muth der Söhne Griechenlands.“
2097 308 2228 1762 „Ihr ſprecht gelehrt, Herr,“ entgegnete die
2236 160 2313 1819 Dame, „doch glaubt nicht, daß ich Euren Worten
2326 162 2402 1760 eher glaube,  als  bis Ihr mir einen  griechiſchen
2411 162 2493 1766 Ritter vorstelltet, der tapfer genug iſt, auſ den be-
