2122 3092
906 185 1045 1418 Zwanzigſtes Kapitel.
1087 662 1210 1237 -
1201 172 1312 1679 Sie kommt, ſie kommt in allem Jugendreiz,
1328 181 1394 1472 In namenloſer Lieb' und ächter Treue!
1453 760 1564 1205 -
1620 229 1760 1719 Nicht lange ſchritt Heribert durch die waldarti-
1751 151 1848 1876 gen Gänge des Gartens dem Schrei nach, ſo ſtürz-
1845 155 1935 1732 te ein weibliches Weſen ſich ihm in die Arme, das,
1928 156 2011 1733 wie es ſchien, durch  den ſie verfolgenden Sylvan
2026 155 2103 1746 beunruhigt worden  war. Die Geſtalt Heriberts,
2113 156 2191 1747 der mit auſgehobener Art den  Affen bedrohete,
2202 72 2291 1748 brachte dieſen ſofort zum Stillſtand, ſo daß er mit
2291 158 2412 1751 einem argen Gekreische ſich in das naheliegende Di-
2379 185 2467 754 ckig zurükzog.
2426 186 2547 1746 Des Verfolgers ledig, hatte Heribert Zeit, ei-
2549 159 2641 1752 nen Blick auſ das Frauenzimmer zu werfen, das
2646 159 2720 1737 duch ihn Beiſtand erhielt. Sie war in ein vielfar-
2732 121 2813 1749 biges Gewand gehüllt, an welchem Blaßgelb vor-
