2118 3088
364 388 447 1968 Mädchen, und ſetzte wie begeiſtert hinzu: „Das
455 388 535 1968 hieß geſprochen gleich dem Sohne Waldhof's, gleich
545 390 622 1970 einem Sprößling vom ächten Stame! Ich will
631 391 712 1969 heimgehen und meine Gebieterin tröſten; denn wahr-
725 392 802 1970 ich! wenn jemals Gottes Gericht den Ausgang eines
811 390 893 2009 Zweikampfes beſtimmte, ſo wird es in dieſem Falle
901 392 977 1977 gewiß geſchehen. Aber Du deuteſt an, der Graf
979 392 1084 1972 ſey hier, ſey in Freiheit - meine Gebieterin wird
1073 400 1157 1640 darüber Näheres wiſſen wollen.“
1164 542 1246 1970 „Sie mag ſich damit begnügen, zu wiſſen,
1256 398 1337 1971 ſagte Heribert, „daß ihr Gemahl unter der Obhuth
1345 398 1423 1974 eines Freundes ſteht, der bemüht ſeyn wird, ihn
1433 398 1512 1974 gegen ſeine eigenen Thorheiten und Übertrieben-
1519 396 1607 1977 heiten zu ſchätzen, oder daß er auf alle Fälle unter
1600 396 1690 1982 der Obhuth eines Mannes ſteht, der, wenn er auch
1698 400 1778 1975 nicht ſo eigentlich ſein Freund genannt werden kann,
1783 400 1869 1979 doch zuverläſſig nicht als Feind gegen ihn verfuhr
1872 400 1962 1978 und nimmer derfahren wird. Und nun lebe wohl,
1955 347 2084 1983 Du lange Zeit verloren Geweſene, Du Stetsge-
2119 385 2224 1985 Ehe er noch mehr ſagen konnte, warf ſich die
2216 405 2312 1984 Angelſächſin nach etlichen vergeblichen Verſuchen, ihre
2317 404 2399 1987 Gefühle in Worten auszudrücken und ungeachtet der
2406 407 2495 1986 Sprödigkeit, die ſie vorhin hatte blicken laſſen, in
