2130 3093
239 720 297 1112 - 43 -
345 127 448 1711 des Meſſers, und weiß wohl, welche Wirkung es hat,
457 124 534 1712 wenn von ſtarker Fauſt ein Stoß über das Schlüſ-
545 119 624 1899 ſelbein vollführt ward - ich fühl' es kommen. Der
633 121 714 1720 ſogenannte Unſterbliche wird jetzt, wenn die Prie-
719 121 807 1830 ſter wahrſprechen, wirklich ein Urſterblicher, und
800 119 891 1719 der Bogen des Sebaſtes von Mytilene zerbricht, ehe
895 127 1012 1471 noch ſein Köcher zur Hälfte geleert ward.“
1003 58 1123 1897 Der räuberiſche Grieche ſank hierauf in Heri-
1109 118 1203 1897 berts Arm zurück und endete ſein Leben mit einem
1209 119 1292 1880 Aechzen, welches der letzte Laut war, den er her-
1295 126 1411 1714 vorbrachte. Der Varangier ſtreckte den Leichnam
1392 152 1494 677 auf die Flur hin.
1472 275 1591 1714 „Das iſt eine verwickelte Sache,“ ſprach er
1600 127 1682 1838 dann. „Ich bin zuverläſſig nicht dazn berufen, ei-
1691 130 1768 1710 nen braven Mann, obſchon er rein Tedfeind iſt,
1777 131 1860 1712 deshalb zu tödten, weil er einen Böſewicht nieder-
1863 129 1943 1714 ſtieß, der in Geheim darauf ſann, mich ſelbſt um-
1952 59 2043 1735 zubringen. Auch iſt dieſer Ort ſo wenig wie dieſes
2040 131 2121 1718 Licht dazu geeignet, ſo zu fechten, wie es Kämpen
2129 130 2221 1831 zweier Nationen geziemt. Laſſen wir den Zviſt für
2208 131 2299 1830 diesmal ruhen. Was ſagt Ihr dazu, edler Herr,
2307 128 2396 1936 wenn wir unſern Streit ſo lange verſchieben, bis
2389 134 2477 1715 Ihr aus dieſen Kerkern des kaiſerlichen Palaſtes
2485 134 2564 1717 befreit, und Euern Freunden und Geleitsmännern
2568 129 2654 1896 zurückgegeben wurdet? Wenn ein armer Varan-
2660 134 2743 1717 gier Euch zu ſolchem Zwecke helfen könnte, würdet
2749 132 2830 1715 Ihr ihm, nach vollführter Befreiung, es weigern,
