2160 3103
209 814 318 1220 - 75 -
338 234 452 1804 werde, thätig zu ſeyn, ſobald es mit Ehren geſche-
462 262 538 601 hen kann.“
550 233 634 1804 „Daran zweifle ich nicht; doch bedünkt mich
648 228 726 1805 ſolche Unterſcheidung etwas ſonderbar,“ entgegnete
729 172 812 1806 der Varangier, „indem ſie einem Manne nur dann
825 230 934 1806 geſtattet, ſich ſeiner Haut zu wehren, ſobald er erſt
908 243 992 1269 ſeinen Stammbaum befragt hat.“
1012 368 1094 1800 „Seyd ohne Furcht, Herr,“ ſagte Graf Ro-
1104 218 1181 1982 bert. „Die ſtrenge Regel der Ritterſchaft ſchreibt
1194 228 1269 1804 allerdings das vor, was ich Dir ſagte; doch wenn
1279 226 1357 1802 es darauf ankommt, ſich durchzuſchlagen, ſo lei-
1367 227 1447 1801 det dieſe Regel weſentliche Abänderung und Aus-
1450 242 1534 606 nahme.“
1556 370 1635 1793 „So laß mich denn das Zeichen der Beſchwö-
1647 163 1728 1803 rung geben,“ verſetzte Heribert, „und dann wollen
1730 228 1840 1646 wir ſehen, was für ein böſer Geiſt erſcheint.“
1832 368 1933 1796 Indem er dies ſprach, klopfte er auf eine be-
1944 232 2021 1288 ſondere Weiſe und die Thür öffn
2034 237 2110 1213 Eine zwerghafte Negerin ſtand
2122 233 2195 1249 Das weiße Haar der Schwarze
2212 229 2285 1248 Widerſpruche mit ihrer Hautfa
2300 237 2374 1247 ſchrillenden Lachen, das dieſen S
2388 233 2468 1234 pflegt. Sie hatte in ihren Zügen
2473 233 2553 1246 es unterſucht ward, wie Boshe
2564 236 2641 1061 über Menſchenelend ausſah.
2666 375 2755 1238 „Iſt Agelaſtes -“ ſprachd
2748 228 2852 1243 hatte er die arte nach im Mu
