2131 3083
217 768 319 1288 - 99 -
312 180 439 1754 bringe keinen Ausweg heraus, der nicht auf eine
438 179 517 1756 oder andere überſpannte Weiſe von Euern thörigen
526 176 604 1756 Einwürfen zurückgewieſen würde. Hier ſteht ein
618 179 693 1758 Mann, der durch die niedrigſte, gegen ſeine Gat-
703 179 789 1759 tin gebrauchte Liſt feinem Feinde in die Hände ſiel;
793 184 869 1762 ein Mann, gegen den eine ähnliche Liſt gebraucht
877 181 968 1760 ward, ſo daß der Dame Ehre und Leben dadurch
962 181 1048 1760 gefährdet ſind, doch hält dieſer Mann es für noth-
1058 181 1137 1761 wendig, ſelbſt ſolchen mitternächtigen Vergiftern eben
1149 167 1223 1767 ſo ſtreng ſein Wort zu halten, als wenn er es den
1230 183 1311 1764 ehrlichſten Männern von der Welt gegeben hätte!“
1321 329 1411 1762 „Du ſprichſt eine ſchmerzliche Wahrheit aus,“
1405 185 1491 1767 ſagte Graf Robert, „doch mein Wort iſt das Em-
1501 184 1587 1764 blem meines Glaubens; und wenn ich es einem ehr-
1580 186 1668 1766 loſen oder treubrüchigen Feinde gebe, ſo habe ich
1679 185 1756 1766 unweiſe gehandelt; jedoch wenn ich einmal gegebenes
1758 187 1844 1766 Wort breche, ſo begehe ich dadurch eine ehrloſe Hand-
1854 184 1931 1938 kung, deren Schmach nimmer von meinem Schilde
1943 203 2021 1029 abgewaſchen werden kann.“
2001 337 2110 1767 „Meynt Ihr,“ ſprach der Varangier, „es ſey
2119 188 2201 1772 wohl gethan, Eures Weibes Ehre auf den Ausgang
2206 186 2325 1872 eines ungleichen Zweikampfes ſo verpſändet zu lafſen,
2298 216 2373 744 wie ſie jetzt iſt?“
2349 342 2464 1767 „Gott und die Heiligen mögen Dir dieſen Ge-
2473 194 2552 1822 danken verzeihen!“ ſagte der Graf von Paris. „Ich
2564 196 2642 1772 werde dieſem Kampfe mit eben ſo unerſchüttertem,
2652 196 2731 1773 wenn auch nicht ſo fröhlichem Herzen zuſehen, wo-
2741 198 2819 1771 mit ich jemals zuſah, wie Lanzen zerſplittert wur-
