2098 3050
244 214 325 1940 ich hätte Euch ſonſt einen Veſpergeſang auf Eurem Schädel
318 252 394 531 geläutet.“
388 324 464 1930 Der Independent lächelte grimmig und erwiederte:
459 225 536 1933 „Nicht doch, Freund, es iſt gut ſür Dich; denn nimmer
531 217 611 1935 würde ein Kirchenknecht für ſein Geläut ſo derb bezahlt
602 215 681 1937 worden ſeyn. Bei alledem, warum ſollte der Hader zwi-
673 222 751 1936 ſchen uns oder meine Hand gegen die Deinige erhoben
743 216 817 1935 ſeyn? Du biſt nur ein armer Geſell, der ſeines Gebieters
815 212 890 1938 Befehle ausrichtet; auch habe ich kein Verlangen danach,
886 217 964 1936 baß mein Blut, oder das Deine, um dieſer Sache willen
957 219 1033 1938 vergoſſen würde. Du wirſt, ſo verftand ich's, mir fried-
1028 217 1105 1941 lich die Beſitznahme vom Palaſte zu Woodſtock einräumen -
1100 220 1178 1939 ſo genannt, wiewohl gegenwärtig kein Palaſt in England
1170 214 1243 1941 iſt, auch keiner fortan ſeyn ſoll, bis wir eintreten in den
1240 221 1341 1939 Palaſt des neuen Jeruſalems, und das Reich der Heiligen
1312 240 1388 1019 auf Erden beginnen wird.“
1368 336 1462 1938 „Vollkommen wohl begonnen, Freund Tomkins,“  ſagte
1456 222 1534 1939 der Hüter, „Ihr ſeyd raſch bei der Hand, Könige zu wer-
1526 226 1603 1937 den, ſo wie die Sache jetzt ſteht; und was Jeruſalem an-
1598 217 1676 1934 langt, da weiß ich nicht, ob nicht Woodſtock ein herrliches
1666 218 1746 1937 Neſtei iſt, um damit anzufangen. Wohlan, wollt Ihr an-
1740 214 1818 1938 greifen - wollt Ihr - wollt Ihr Befitznahme und Ueber-
1811 232 1892 1332 gabe - Ihr hörtet meine Befehle.
1882 332 1960 1936 „Hm - ich weiß nicht,“ ſagte Tomkins. „Ich muß
1954 217 2028 1934 mich vor einem Hinterhalte wahren, und bin allein hier.
2024 219 2101 1938 Ueberdies iſt heute das vom Parlament angeordnete und
2096 220 2174 1940 von der Armee zugeſtandene große Dankfeſt - auch möchten
2166 160 2244 1941 der alte Mann und das junge Frauenzimmer es für nöthig
2237 217 2316 1943 ſinden, etliche ihrer Kleider und ſonſtiges perſönliches Ei-
2308 222 2387 1941 genthum zu verlangen, und ich möchte nicht, daß ſie mei-
2381 218 2457 1945 netwegen geſchadet würden. Wenn Du mir deshalb morgen
2451 217 2529 1945 früh das Beſitzthum überliefern willſt, ſo ſoll es in perſön-
2522 219 2599 1947 licher Gegenwart meines Gefolges und des presbyteriani-
2594 218 2672 1943 ſchen Ehrenmannes, des Maſors, geſchehen, ſo daß die
2664 217 2742 1946 Uebergabe vor Zeugen geſchiebt; da ferner, wenn Keiner
2722 215 2812 1943 babei iſt, als Du, der überliefert, und ich, der ich Beſitz
2807 217 2886 1946 nehme, die Belialskinder ſagen könnten:Ei, ei! Traugott
