2127 3033
269 181 352 1893 für die faulen Kreppmänner, die prahlhänſigen Pfaffen zu
341 182 420 1892 Oxford, zu machen, deren Augen dermaßen von Fette über-
414 180 492 1891 ſchwollen waren, daß ſie das Verderben nicht eher ſehen
485 178 562 1893 konnten, als bis dieſes ſie bei der Kehle faßte. Ich aber
556 178 635 1893 kann's Euch ſagen, allwo das Schwert geſchmiedet, geſotten
629 179 708 1891 und geſchweißt, gewetzt und polirt ward. Während Ihr,
699 180 779 1896 wie ich vorhin ſchon ſagte, Taſchenmeſſer für falſche Prie-
770 179 844 1895 ſter, und Dolche für liederliche G-tt verd-m- mich -
840 180 919 1895 Ritter machtet, dem Volke Englands die Gurgel damit ab-
914 179 991 1892 zuſchneiden,  da ward es geſchmiedet zu Long Marſton
981 178 1065 1894 Moor, wo die Schläge hageldichter fielen, als jemals der
1055 177 1133 1891 Schmiedehammer auf einen Ambos, und es ward geſotten
1127 176 1205 1892 zu Naſeby, im beſten Blute der Ritter - und geſchweißt
1199 178 1277 1891 ward es in Ireland an den Mauern von Drogheda - und
1271 180 1348 1891 gewetzt ward es an dem Leben der Schotten zu Dunbar -
1342 175 1422 1892 und polirt ward es neuerdings zu Worceſter, dergeſtalt, daß
1413 176 1491 1890 es ſo hell blitzt, wie die Sonne am Mittagshimmel, und
1484 175 1565 1892 es kein Licht in England gibt, das ihm gleich kommen
1558 173 1652 458 möchte.“
1626 287 1706 1892 Hier erhob der militäriſche Theil der Zuhörerſchaft ein
1698 169 1778 1894 Beifallsgemurmel, das im Klange dem „Hört! hört!“ des
1768 168 1849 1894 brittiſchen Unterhauſes gleich kam, und darauf berechnet
1839 171 1919 1890 war, die Begeiſterung des Redners zu erhöhen, indem es
1911 178 1990 1512 die Theilnahme der Zuhörer ausdrücken ſollte.
1983 178 2064 1892 „Und weiter!“  nahm der Prieſter wieder das Wort,
2054 167 2136 1893 indem er ſich zur Energie erhob, da er fand, daß ſein Audi-
2127 166 2209 1892 torium in ſeine Gefühle einging: „Was ſagt der Tert?
2198 146 2278 1893 'Zeuch einher, es müſſe Dir gelingen' - halte nicht inne
2270 166 2347 1893 - denk' an keinen Stillſtand - verlaſſe den Sattel nicht
2341 167 2420 1894 - verfolge die zerſtreuten Flüchtlinge - ſtoß' in die Trom-
2412 167 2489 1892 pete - keinen Iubeltuſch laß erſchallen - ſondern einen
2484 166 2560 1893 Kriegston - Trompetenſtoß, Stiefel und Sattel - zu
2554 170 2635 1892 Roß und vorwärts - Feuer! - Setze dem jungen Manne
2624 167 2706 1893 nach! - welchen Theil haben wir an ihm - Schlag
2695 165 2771 1893 nimm, verwüſte, theile die Beute! Geſegnet ſeyſt Du, Oli-
2765 166 2846 1895 ver, von wegen Deines Ruhmes  Deine Sache iſt lau-
2836 164 2920 1893 ter, Dein Beruf iſt unbezweifelt - nimmer hat Dein Feld-
