2080 3052
167 1055 239 1133 62
282 358 358 1950 Die meiſten dieſer rohen Schmäuſe fielen in die Zeiten
357 246 433 1952 der Plantagenets. Als das Haus der Tudor zum Throne
427 248 504 1949 gelangte, war man minder freigebig mit der königlichen
497 247 575 1951 Gegenwart, und hielt Mahlzeit in den weiter entlegenen
568 245 640 1946 inneren Hallen und Gemächern, indem man den äußerſten
640 244 716 1945 Vorhof den Leibgardiſten überließ, welche dort ihre Wache
711 242 789 1947 bezogen und die Nacht mit Jubeln und Zechen hinbrachten,
783 242 855 1946 wobei ſie ſich bisweilen durch eine furchtbare Geiſter und
854 242 931 1949 Hexengeſchichte unterbrachen, die ſelbſt den würde haben
925 242 999 1949 erbleichen laſſen, in deſſen Ohren die Drommete eines fran-
996 242 1076 1948 zofiſchen feindlichen Reiters eben ſo lieblich zu klingen pflegte,
1067 255 1147 1382 als ein Aufruf zur Jagd im Forſtlande.
1140 350 1216 1949 Joceline deutete ſeinem finſtern Gefährten dieſe Merk-
1210 240 1289 1945 würdigkeiten des Ortes weit kürzer an, als wir ſie dem
1283 240 1361 1948 Leſer geſchildert haben. Anfangs ſchien der Independent
1352 237 1432 1947 mit einiger Theilnahme zuzuhören; jetzt aber, indem er
1425 236 1503 1946 plötzlich ſeiner Aufmerkſamkeit eine Ende machte, rief er in
1496 235 1571 1948 feierlichem Tone: „Verderbe du, Babylon, wie dein Mei-
1568 235 1645 1946 ſter Nebukadnezar verdarb! Er iſt ein Flüchtling und du
1637 235 1716 1943 ſollſt ein wüſter Platz werden - ja, und eine Wildniß -
1710 233 1790 1943 ja, eine Salzwüſte, in welcher Durſt und Hunger wohnen
1782 269 1856 490 ſollen!“
1855 349 1933 1935 „Von beiden iſt genug zum Abendbrode vorhanden,“
1925 233 2002 1943 ſagte Joceline; „es ſey denn, des Ritters Speiſekammer
1996 239 2074 1677 finde ſich gefüllter, als ſie es ſonſt zu ſeyn pflegt.“
2067 349 2146 1939 „Wir müſen für des Leibes Beſtand ſorgen,“ ſagte der
2139 237 2218 1943 Independent; „jedoch zu rechter Zeit, wenn unſere Pflicht
2211 235 2289 1670 vollbracht iſt. Wohin führen dieſe Eingänge?“
2282 348 2361 1942 „Der zur Rechten,“  erwiederte der Hüter, „führt zu
2353 229 2432 1946 dem, was man Prunkſaal nennt, der ſeit dem Jahre ein-
2425 233 2504 1944 tauſend ſechshundert und neununddreißig nicht gebraucht
2497 246 2576 1534 war, als Seine höchſtſelige Majeſtät - -“
2567 347 2643 1943 „Was!“ unterbrach der Independent mit einer Donner-
2638 234 2718 1943 ſtimme: „Sprichſt Du von Karl Stuart als ſeligmachend
2711 231 2790 2059 oder als ſelig -  Gedenke der Proklamation hierüber.“
2784 347 2862 1941 „Ich meinte nichts Arges damit,“ antwortete der Hüter,
2850 232 2938 1991 der ſein Gelüſten, eine derbere Antwort zu geben, unter-
