2033 3011
149 802 210 1159 - 45  -
282 185 362 1778 Sie mir offen ihren Zuſtand mittheilen, iſt es je-
371 183 449 1781 dem Arzte unmöglich zu ſagen, was in meiner oder
462 181 538 1779 der Heilkunde Macht ſtehe oder nicht.“ - „Ich
547 176 627 1898 kann Jhnen hierauf erwidern,“ ſagte der Patient,
638 180 714 1784 „daß mein Uebel nicht einzig in ſeiner Art iſt, denn
728 179 802 1782 wir leſen von demſelben in dem beruhmten Roman
815 182 891 1782 des Le Sage. Sie erinnern ſich ohne Zweifel der
904 180 980 1778 Krankheit, an welcher der Herzog von Olivarez ge-
990 183 1063 1779 ſtorben ſeyn ſoll?“ - „Er ſtarb“ - war des
1080 183 1153 1776 Arztes Antwort - „ an der Idee, daß ihn eine
1167 181 1243 1775 Erſcheinung ängſtigte, deren wirklichem Daſeyn er
1256 180 1332 1773 keinen Glauben beimaß; dennoch gab er darüber den
1345 181 1419 1772 Geiſt auf, weil jenes eingebildete Geſpenſt ihn bis
1431 180 1508 1770 zum Tode quälte.“ - „Ich, mein werther Doc-
1522 179 1597 1770 tor," entgegnete der Kranke,„bin in demſelben
1611 179 1687 1764 Falle, und die Gegenwart der mich verfolgenden
1695 182 1773 1767 Viſion iſt ſo erſchreckend, daß ich mit aller meiner
1788 182 1864 1763 Vernunft nicht vermögend bin, die Wirkungen mei-
1875 182 1952 1765 ner zerrütteten Einbildungskraft zu bekämpfen, und
1965 183 2039 1763 ich fühle, daß ich als ein Opfer eingebildeten Ue-
2050 176 2134 1760 bels hinſterben muß.“ Der Arzt horte mit Beſorg-
2135 185 2217 1759 niß die Ausſage des Kranken, vermied jedoch klüglich
2229 186 2304 1756 jeden Widerſpruch gegen die eingenommene Phanta-
2318 184 2391 1758 ſie des Mannes, und drang vermittelſt genauer
2405 185 2480 1755 Rachfrage in die Beſchaffenheit der Erſcheinung, durch
2492 184 2568 1756 welche der Kranke ſich geängſtigt fühlte und in die
2582 186 2658 1754 Geſchichte der Art und Weiſe, auf welche eine ſo
2667 188 2746 1753 ſonderbare Krankheit ſich zum Herrn einer Jmagi-
175 767 240 1130 - 53 -
309 157 388 1734 dame, denn ich ſelbſt habe ihrer zu viele geſe-
401 192 468 370 hen.“
484 308 562 1732 Ich will zwei hierher gehörende Beiſpiele mit-
573 156 651 1740 theilen, an deren Zuverlaſſigkeit nicht der mindeſte
661 183 735 809 weifel haften kann.
749 316 827 1842 Das erſte wird die Erſcheinung des Hrn. Mau-
835 163 913 1739 pertuis berühren, die ſich einem Collegen des ge-
924 163 1005 1741 nannten Gelehrten in der königlichen Societät zu
1015 192 1086 614 Berlin zeigte.
1102 311 1178 1828 Dieſes gußerordentliche Ereigniß erſchien in den
1191 168 1264 1741 Verhandlungen der Societät, und wird von Hrn.
1278 169 1353 1742 Thibault in deſſen Erinnerungen an Friedrich den
1364 170 1440 1843 Großen und den Berliner Hof beſtatigt. Es iſt
1453 169 1530 1741 nöthig, die Bemerkung vorauszuſchicken, daß Hr.
1542 172 1622 1739 Gleditſch, dem der Vorfall begegnete, ein Botani-
1630 169 1706 1738 ker von Bedeutung, dabei Profeſſor der Naturphi-
1713 169 1805 1846 loſophie in Berlin und allgemein als ein ernſter
1799 165 1883 1848 und ſchlichter Mann von beſonnenem Charakter be-
1896 197 1964 530 kannt war.
1980 314 2055 1738 Kurze Zeit nach dem Tode des Hrn. Mauper-
2068 171 2152 1853 tuis *), als Hr. Gleditſch genöthigt war, durch den
2147 175 2235 1852 Saal zu gehen, in welchem die Academie ihre
2244 176 2319 1880 Sitzungen hielt, indem er in dem Naturalienkabi-
2378 224 2439 1739 *) Dieſer Mann war lange Zeit Präſident der Berliner
2447 287 2510 1738 Academie , und wurde ſehr von Friedrich II. begün-
2515 278 2580 1738 ſtigt, bis der Spott Voltaires ihn ſtürzte. Mauper-
2581 284 2642 1740 tuis zog in einer Art von Ungnade in ſein Geburts
2645 284 2708 1742 land, die Schweiz, zurück, wo er bald nachber ſtarb.
2711 1065 2768 1621 Aum. d. Autors.
176 779 238 1177 - 243 -
312 179 392 1756 herrn Robert Kirke iſt. Das Leben der ſchätzens-
402 173 480 1758 werthen Perſon, welche dieſelbe erzählte, ward zum
493 176 569 1759 Wohlergehen ihrer Freunde und der Armuth bis zu
579 178 659 1759 einer ungewöhnlichen Dauer verlangert, ſo daß mich
667 179 744 1758 dünkt, die folgende Begebenheit, die in die Kind-
755 176 838 1761 heit der erwähnten Perſon fiel, möge ſich vor der
845 173 924 1879 itte des verfloſſenen Jahrhunderts zugetragen ha-
932 184 1011 1757 ben. Die Erzahlerin wohnte mit ihren Familien-
1024 177 1103 1758 gliedern unweit der kleinen Seehavenſtadt North-
1113 176 1190 1758 Berwick, als ihr Wohnort und deſſen Umgegend
1199 182 1276 1576 durch folgendes Ergebniß beunruhigt wurden
1286 319 1361 1753 Ein fleißiger Mann, ein Weber in jener klei-
1371 175 1448 1760 nen Stadt, nahm eine hübſche Frau, die, nachdem
1463 168 1539 1934 ſie zwei oder drei Kinder zur Welt getragen hatte
1550 172 1629 1855 unglücklich genug war, bei der Geburt ihres vierten
1638 173 1716 1755 Kindes zu ſterben. Das Kind ward gerettet, wäh-
1727 174 1807 1755 rend die Mutter unter Krämpfen den Geiſt aufgab.
1816 174 1894 1756 Da nun die Abgeſchiedene als Leiche ſehr entſtellt
1904 175 1982 1754 ausſah, entſtand unter ihrer Sippſchaft die Mey-
1992 175 2071 1756 nung, ſie wäre in Folge irgend einer Vernachläſſt-
2079 178 2160 1755 gung Derer, die der Entbundenen hätten warten
2165 176 2248 1753 und pflegen müſſen, von den Elfen entführt und
2255 177 2337 1752 an ihre Stelle dieſer ſcheusliche Leichnam gelegt wor-
2344 173 2423 1751 den. Der Wittwer gab wenig cht auf dieſes Ge-
2431 175 2512 1751 rücht, und begann, als er während eines vollen
2522 174 2601 1748 Trauerjahrs ſein Weib bitterlich beweint hatte, dar-
2614 176 2693 1746 auf zu denken, wie es gerathen ſey, auf ein zwei-
2699 174 2780 1747 tes Ehebündniß zu denken; welches für einen armen
2801 1235 2864 1376 16 *
