2033 3011
149 802 210 1159 - 45  -
282 185 362 1778 Sie mir offen ihren Zuſtand mittheilen, iſt es je-
371 183 449 1781 dem Arzte unmöglich zu ſagen, was in meiner oder
462 181 538 1779 der Heilkunde Macht ſtehe oder nicht.“ - „Ich
547 176 627 1898 kann Jhnen hierauf erwidern,“ ſagte der Patient,
638 180 714 1784 „daß mein Uebel nicht einzig in ſeiner Art iſt, denn
728 179 802 1782 wir leſen von demſelben in dem beruhmten Roman
815 182 891 1782 des Le Sage. Sie erinnern ſich ohne Zweifel der
904 180 980 1778 Krankheit, an welcher der Herzog von Olivarez ge-
990 183 1063 1779 ſtorben ſeyn ſoll?“ - „Er ſtarb“ - war des
1080 183 1153 1776 Arztes Antwort - „ an der Idee, daß ihn eine
1167 181 1243 1775 Erſcheinung ängſtigte, deren wirklichem Daſeyn er
1256 180 1332 1773 keinen Glauben beimaß; dennoch gab er darüber den
1345 181 1419 1772 Geiſt auf, weil jenes eingebildete Geſpenſt ihn bis
1431 180 1508 1770 zum Tode quälte.“ - „Ich, mein werther Doc-
1522 179 1597 1770 tor," entgegnete der Kranke,„bin in demſelben
1611 179 1687 1764 Falle, und die Gegenwart der mich verfolgenden
1695 182 1773 1767 Viſion iſt ſo erſchreckend, daß ich mit aller meiner
1788 182 1864 1763 Vernunft nicht vermögend bin, die Wirkungen mei-
1875 182 1952 1765 ner zerrütteten Einbildungskraft zu bekämpfen, und
1965 183 2039 1763 ich fühle, daß ich als ein Opfer eingebildeten Ue-
2050 176 2134 1760 bels hinſterben muß.“ Der Arzt horte mit Beſorg-
2135 185 2217 1759 niß die Ausſage des Kranken, vermied jedoch klüglich
2229 186 2304 1756 jeden Widerſpruch gegen die eingenommene Phanta-
2318 184 2391 1758 ſie des Mannes, und drang vermittelſt genauer
2405 185 2480 1755 Rachfrage in die Beſchaffenheit der Erſcheinung, durch
2492 184 2568 1756 welche der Kranke ſich geängſtigt fühlte und in die
2582 186 2658 1754 Geſchichte der Art und Weiſe, auf welche eine ſo
2667 188 2746 1753 ſonderbare Krankheit ſich zum Herrn einer Jmagi-
