2131 3067
176 779 238 1177 - 243 -
312 179 392 1756 herrn Robert Kirke iſt. Das Leben der ſchätzens-
402 173 480 1758 werthen Perſon, welche dieſelbe erzählte, ward zum
493 176 569 1759 Wohlergehen ihrer Freunde und der Armuth bis zu
579 178 659 1759 einer ungewöhnlichen Dauer verlangert, ſo daß mich
667 179 744 1758 dünkt, die folgende Begebenheit, die in die Kind-
755 176 838 1761 heit der erwähnten Perſon fiel, möge ſich vor der
845 173 924 1879 itte des verfloſſenen Jahrhunderts zugetragen ha-
932 184 1011 1757 ben. Die Erzahlerin wohnte mit ihren Familien-
1024 177 1103 1758 gliedern unweit der kleinen Seehavenſtadt North-
1113 176 1190 1758 Berwick, als ihr Wohnort und deſſen Umgegend
1199 182 1276 1576 durch folgendes Ergebniß beunruhigt wurden
1286 319 1361 1753 Ein fleißiger Mann, ein Weber in jener klei-
1371 175 1448 1760 nen Stadt, nahm eine hübſche Frau, die, nachdem
1463 168 1539 1934 ſie zwei oder drei Kinder zur Welt getragen hatte
1550 172 1629 1855 unglücklich genug war, bei der Geburt ihres vierten
1638 173 1716 1755 Kindes zu ſterben. Das Kind ward gerettet, wäh-
1727 174 1807 1755 rend die Mutter unter Krämpfen den Geiſt aufgab.
1816 174 1894 1756 Da nun die Abgeſchiedene als Leiche ſehr entſtellt
1904 175 1982 1754 ausſah, entſtand unter ihrer Sippſchaft die Mey-
1992 175 2071 1756 nung, ſie wäre in Folge irgend einer Vernachläſſt-
2079 178 2160 1755 gung Derer, die der Entbundenen hätten warten
2165 176 2248 1753 und pflegen müſſen, von den Elfen entführt und
2255 177 2337 1752 an ihre Stelle dieſer ſcheusliche Leichnam gelegt wor-
2344 173 2423 1751 den. Der Wittwer gab wenig cht auf dieſes Ge-
2431 175 2512 1751 rücht, und begann, als er während eines vollen
2522 174 2601 1748 Trauerjahrs ſein Weib bitterlich beweint hatte, dar-
2614 176 2693 1746 auf zu denken, wie es gerathen ſey, auf ein zwei-
2699 174 2780 1747 tes Ehebündniß zu denken; welches für einen armen
2801 1235 2864 1376 16 *
