2030 3018
175 767 240 1130 - 53 -
309 157 388 1734 dame, denn ich ſelbſt habe ihrer zu viele geſe-
401 192 468 370 hen.“
484 308 562 1732 Ich will zwei hierher gehörende Beiſpiele mit-
573 156 651 1740 theilen, an deren Zuverlaſſigkeit nicht der mindeſte
661 183 735 809 weifel haften kann.
749 316 827 1842 Das erſte wird die Erſcheinung des Hrn. Mau-
835 163 913 1739 pertuis berühren, die ſich einem Collegen des ge-
924 163 1005 1741 nannten Gelehrten in der königlichen Societät zu
1015 192 1086 614 Berlin zeigte.
1102 311 1178 1828 Dieſes gußerordentliche Ereigniß erſchien in den
1191 168 1264 1741 Verhandlungen der Societät, und wird von Hrn.
1278 169 1353 1742 Thibault in deſſen Erinnerungen an Friedrich den
1364 170 1440 1843 Großen und den Berliner Hof beſtatigt. Es iſt
1453 169 1530 1741 nöthig, die Bemerkung vorauszuſchicken, daß Hr.
1542 172 1622 1739 Gleditſch, dem der Vorfall begegnete, ein Botani-
1630 169 1706 1738 ker von Bedeutung, dabei Profeſſor der Naturphi-
1713 169 1805 1846 loſophie in Berlin und allgemein als ein ernſter
1799 165 1883 1848 und ſchlichter Mann von beſonnenem Charakter be-
1896 197 1964 530 kannt war.
1980 314 2055 1738 Kurze Zeit nach dem Tode des Hrn. Mauper-
2068 171 2152 1853 tuis *), als Hr. Gleditſch genöthigt war, durch den
2147 175 2235 1852 Saal zu gehen, in welchem die Academie ihre
2244 176 2319 1880 Sitzungen hielt, indem er in dem Naturalienkabi-
2378 224 2439 1739 *) Dieſer Mann war lange Zeit Präſident der Berliner
2447 287 2510 1738 Academie , und wurde ſehr von Friedrich II. begün-
2515 278 2580 1738 ſtigt, bis der Spott Voltaires ihn ſtürzte. Mauper-
2581 284 2642 1740 tuis zog in einer Art von Ungnade in ſein Geburts
2645 284 2708 1742 land, die Schweiz, zurück, wo er bald nachber ſtarb.
2711 1065 2768 1621 Aum. d. Autors.
