2534 3506
292 1156 364 1487 187
455 252 536 1716 Blickt auf den Boden, legt dann ſeinen Finger
528 255 604 1624 Sich an die Schläfe; plötzlich ſpringt er auf
597 250 671 1638 Und fällt in raſchen Gang, hält wieder an,
664 252 739 1646 Schlägt heftig an die Bruſt; drauf richtet er
732 253 833 1573 Zum Mond den Blick; ſeltſame Stellungen
802 267 876 988 Bemerkten wir an ihm.
887 332 962 1224 König. Es mag wohl ſein,
957 253 1031 1612 Daß Meuterei in ſeinem Herzen. Heut
1024 245 1128 1929 Schickt' er zum Durchſehn mir Stattsſchriften zu,
1092 253 1167 1537 Wie ich gefordert; und wißt ihr, was ich
1162 258 1238 1347 Gefunden? nur unwiſſend zugelegt,
1229 254 1304 1638 Ein Inventar, wahrhaftig, ſo bedeutend, -
1299 254 1371 1549 Von ſeinen Schätzen, ſilbernen Geſchirren,
1366 246 1450 1868 Von reichen Stoffen, Prunkgeräth des Hauſes,
1436 252 1509 1635 Was mir von ſo gar hohem Werthe ſcheint,
1503 258 1604 1339 Daß es des Unterthanen rechtlichen
1570 269 1646 924 Beſitz weit überſteigt.
1655 335 1733 1197 Norf. 's iſt Gottes Wille;
1725 256 1799 1583 Ein guter Geiſt hat das Papier gelegt
1794 250 1877 1563 In das Paket, eu'r Aug' damit zu ſegnen.
1856 308 1953 2149 König. Wenn wir nur denken könnten, daß ſein Sinnen
1946 250 2024 1600 Hoch ob der Erde ſchwebte in Betrachtung,
2016 254 2092 1470 Auf geiſtge Güter einzig nur gerichtet,
2082 252 2160 1583 So möchte er verharrn in ſeinem Brüten:
2147 240 2248 1985 Dh fürcht ich, untern Monde weilt ſein Trachten,
2221 256 2303 1355 Nicht werth ſo ernſter Ueberlegung.
2298 240 2374 2296 (Der König nimmt ſeinen Sitz ein, und ſpricht leiſe mit Lovell, der zu
2357 1062 2417 1431 Wolfey geht.)
2428 344 2498 762 Wolſ. Gott
2495 95 2569 1417 Verzeihe mir, und ſegne eure Hoheit!
2578 310 2655 2018 König. Mylord, ihr ſeid von geiſt'gen Schätzen voll,
2645 229 2722 1609 Ihr tragt ein Inventar der reichſten Gnad'
2718 249 2792 1601 Im Herzen, das ihr jetzt wohl überrechnet;
2785 248 2860 1654 Kaum habt ihr Zeit, der geiſtgen Muße weg
2855 246 2930 1789 Fu ird'ſchem Zweck ne kleine Spann' zu ſtehlen.
2924 207 2998 1698 Gewiß, ihr ſeid ein ſchlechter Hauswirth drin,
2990 245 3066 1781 Und freut mich's, meines Gleichen euch zu finden.
