2535 3497
156 1106 262 1432 202
331 290 433 1481 Zu ihrem Sitz im Chor geleitet war,
424 282 499 1645 Blieb ſtehn in einiger Entfernung, während
492 291 568 1436 Sich ihre Hoheit niederließ, um dort
560 283 637 1641 Ein Weilchen auszuruhn, ne halbe Stund',
629 284 704 1559 Auf einem Prachtſitz, ihre Schönheit frei
696 284 772 1636 Dem Volk darſtellend. Glaubet mir, ſie iſt
766 282 840 1531 Das herrlichſte Geſchöpf, das jemals lag
835 283 909 1548 An eines Mannes Seite. Als das Volk
903 232 978 1608 Sie nun erblickt', erhob ſich ein Geräuſch,
966 224 1046 1882 Wie man vom Tauwerk hört beim heft'gen Sturm,
1041 282 1116 1807 So laut und mannigfaltig. Hüt' und Mützen,
1108 278 1184 1673 Auch ſelbſt die Wämmſer flogen in die Höh',
1178 286 1249 1447 Und wären die Geſichter los geweſen,
1246 287 1320 1493 Sie hätten ſie verloren heut. Nie ſah
1312 281 1389 1768 Zuvor ich ſolchen Jubel. Schwangre Weiber,
1383 281 1458 1679 Kaum eine halbe Woch' vom Ziele, drängten
1452 283 1525 1734 Sich vor, gleich Widdern aus der alten Zeit,
1520 281 1592 1691 Und machten Breſchen. Keiner konnte ſagen:
1586 273 1726 1708 „Dies iſt mein Weib;“ ſo ſeltſam waren Alle In Eins verwebt.
1754 346 1833 1971 Zweiter Edelm. Und was geſchah dann weiter?
1826 336 1943 2289 Dritter Edelm. Dann ſtand ſie auf, und mit beſcheidnem
1914 1334 1980 1555 Schritt
1982 287 2057 1512 Ging ſie zum Altar, wo ſie niederkniete
2052 278 2124 1770 Und einer Heil'gen gleich die ſchönen Augen
2118 278 2196 1799 um Himmel aufſchlug, betend andachtsvoll;
2187 283 2261 1683 Erhob ſich dann, verneigte ſich dem Volk,
2255 283 2330 1661 Wo denn der Erzbiſchof von Canterbury
2323 286 2398 1412 Die königlichen Zeichen ihr ertheilte:
2392 285 2467 1474 Das heil'ge Oel, die Krone Eduard's,
2462 283 2535 1700 Des Bekenners, den Stab, die Friedenstaube,
2530 278 2604 1688 Und allen Krönungsſchmuck: worauf ein Chor
2599 284 2673 1623 Der ausgeſucht'ſten Stimmen dieſes Reiches
2667 281 2743 1701 Te Deum ſang. Dann kehrt' der Zug zurück,
2735 281 2811 1638 Im ſelben ernſten Prunk, in dem er kam,
2801 266 2986 2298 Nach York-Pallaſt, wo man das Mahl wird halten. Erſter Edelm. Nennt ihn nicht York-Pallaſt mehr, 's iſt vorbei:
