2530 3494
287 1193 387 1327 193
431 257 529 1798 Die Glocke rief', und euer braunes Mädchen
523 264 611 1591 Im Arm euch küſſend läg', Lord Cardinal.
604 215 701 2108 Wolſ. Wie ſehr könnt' ich doch dieſen Mann verachten,
692 116 786 1742 Hielt' mich die Menſchenliebe nicht zurück!
778 324 895 2017 Norf. Mylord, die Klag' liegt in des Königs Hand,
865 274 939 1218 Und ſchlimm ſteht eure Sache.
967 351 1041 1013 Wolſ. Deſto ſchöner
1036 266 1109 1493 Und fleckenlos erſcheinet meine Unſchuld,
1104 265 1179 1604 Wenn erſt der König weiß die Wahrheit.
1190 359 1249 758 Surr. Das
1254 231 1333 1888 Wird euch nicht helfen: mein Gedächtniß, Dank ihm,
1322 243 1400 1390 Behielt noch einige der Klagepunkte,
1368 257 1470 1659 Die ſollen jetzt heraus. Wenn ihr erröthet
1463 263 1538 1546 Und ſchuldig euch bekennet, Cardinal,
1532 261 1614 1776 So könnt ihr noch ein wenig Tugend zeigen.
1608 320 1706 2226 Wolſ. Sprecht nur, ich trotze eurer ſchlimmſten Klage;
1684 262 1758 1609 Erröth' ich, iſt's nur einen Edelmann
1753 273 1827 1157 Zu ſeh'n, dem Sitte fehlt.
1838 343 1910 1165 Surr. Stets beſſer noch,
1905 262 1980 1675 Als fehlt der Kopf. So höret denn. Zuerſt,
1975 263 2048 1615 Daß ohne unſers Königs Will und Wiſſen,
2042 272 2117 1294 Ihr habt geſtrebt Legat zu ſein,
2111 264 2185 1555 Wodurch die Macht der Biſchöfe gelähmt.
2195 319 2301 2235 Norf. Dann, daß in Allem was noch Rom ihr ſchriebt,
2266 257 2339 1779 Und ſonſt an fremde Höf', die Form ihr braucht:
2334 262 2406 1595 Ego et Rex meus, und dadurch den König
2403 269 2486 1284 Zu eurem Diener habt gemacht.
2480 324 2571 2061 Suff. Dann, daß ihr ohn' des Königs und des Raths
2555 214 2630 1493 Vorwiſſen, als man an den Kaiſer euch
2626 261 2699 1656 Geſandt, euch habt erkühnt das große Siegel
2692 267 2769 1295 Nach Flandern mitzunehmen.
2779 292 2851 1076 Surr. Dann gabt ihr
2848 260 2923 1617 Gregor von Caſſalis weitläuft'ge Vollmacht,
2916 262 2989 1599 Ohn' daß der König noch der Staat davon
2982 257 3142 1668 Gewußt, 'nen Bund zu ſchließen mit Ferrara. VI.
3072 1532 3141 1796 13
