2876 4718
549 487 619 1919 108 COUNT ROBERT OF PARIS.
731 524 828 2341 burdened by the mandate of some inexorable ma-
854 530 950 2340 gician, and of which the operation was so terri-
977 532 1074 2338 fying, that the crews of the vessels attacked by
1098 532 1196 2342 this strange weapon frequently forsook every
1222 535 1308 2337 means of defence, and run themselves ashore.
1341 541 1436 2345 One of the principal ingredients of this dreadful
1460 532 1554 2344 fire was supposed to be naphtha, or the bitumen
1578 516 1667 2340 which is collected on the banks of the Dead Sea,
1698 511 1795 2343 and which, when in a state of ignition, could only
1819 533 1917 2344 be extinguished by a very singular mixture, and
1933 528 2030 2530 which it was not likely to come in contact with.
2056 522 2151 2338 It produced a thick smoke and loud explosion,
2175 536 2274 2344 and was capable, says Gibbon, of communicating
2296 538 2389 2344 its flames with equal vehemence in descent or
2417 537 2513 2346 lateral progress. In sieges, it was poured from
2538 510 2640 2344 the ramparts, or launched, like our bombs, in
2655 523 2745 2339 redhot balls of stone or iron, or it was darted in
2780 509 2888 2348 flax twisted round arrows and in javelins. It
2902 540 2998 2350 was considered as a state secret of the greatest
3023 532 3133 2350 importance; and for wellnigh four centuries it
3144 538 3243 2349 was unknown to the Mahometans. But at length
3261 507 3362 2346 the composition was discovered by the Saracens,
3383 502 3482 2344 and used by them for repelling the Crusaders,
3502 500 3615 2344 and overpowering the Greeks, upon whose side
625 862 692 2268 COUNT ROBERT OF PARIS. 113
810 456 898 2268 which wind, and tide, and oar, could enable her
932 467 1029 2269 to obtain, and placing her in the situation to pro-
1052 465 1145 2266 fit by them as much as his maritime skill could
1171 470 1270 2269 direct, he drove with the speed of lightning
1291 467 1389 2267 among the vessels of Lemnos, plying on either
1412 463 1510 2267 side, bows, crossbows, javelins, and military
1536 465 1633 2261 missiles of every kind, with the greater advantage
1659 461 1755 2257 that the Greeks, trusting to their artificial fire,
1780 461 1876 2263 had omitted arming themselves with other wea-
1900 457 1997 2261 pons; so that when the valiant Crusader bore
2020 462 2116 2261 down on them with so much fury, repaying the
2139 459 2217 2263 terrors of their fire with a storm of bolts and
2258 453 2358 2264 arrows no less formidable, they began to feel
2383 453 2496 2490 that their own advantage was much less than
2505 455 2604 2259 they had supposed, and that, like most other
2623 453 2726 2256 dangers, the maritime fire of the Greeks, when
2753 453 2848 2267 undauntedly confronted, lost at least one-half of
2872 448 2987 2257 its terrors. The Grecian sailors, too, when they
2989 446 3087 2255 observed the vessels approach so near, filled with
3106 447 3202 2251 the steel-clad Latins, began to shrink from a con-
3231 445 3311 2249 test to be maintained hand to hand with so ter-
3356 468 3452 1059 rible an enemy.
3466 538 3577 2241 By degrees, smoke began to issue from the
3596 379 3700 2243 sides of the great Crecian argosie, and the voice
682 606 803 1986 158 COUNT ROBERT OF PARIS.
871 591 952 2411 confidence that the rules of fair battle will be
994 612 1091 1433 punctually observed."
1117 603 1217 2404 The two Grecian officers transmitted this reply
1238 544 1338 2406 to the Emperor, who heard it with pleasure;
1362 587 1460 2406 and, immediately proceeding to act upon the
1482 590 1579 2409 principle which he had laid down, of maintaining
1601 585 1696 2404 peace, if possible, with the crusaders, named
1703 592 1817 2408 Prince Tancred with the Proto-spathaire as
1826 596 1941 2402 Field Marshals of the lists, fully empowered,
1950 590 2059 2409 under the Emperor, t decide all the terms of
2072 588 2173 2406 the combat, and to have recourse to Alexias
2208 590 2306 2412 himself where their opinions disagreed. This
2332 590 2418 2407 was made known to the assistants, who were
2450 592 2544 2404 thus prepared for the entry into the lists of the
2568 598 2648 2404 Grecian officer and the Italian Prince in full
2688 587 2801 2399 armour, while a solemn proclamation announced
2811 591 2926 2397 to all the spectators their solemn office. The
2918 594 3010 2402 same annunciation commanded the assistants of
3056 597 3152 2399 every kind to clear a convenient part of the
3180 594 3264 2402 seats which surrounded the lists on one side, that
3300 596 3396 2402 it might serve for the accommodation of Prince
3423 621 3497 1367 Tancred's followers.
3540 691 3628 2401 Achilles Tatius, who was a heedful observer of
3663 593 3762 2397 all these passages, saw with alarm, that by the
