2876 4718
625 862 692 2268 COUNT ROBERT OF PARIS. 113
810 456 898 2268 which wind, and tide, and oar, could enable her
932 467 1029 2269 to obtain, and placing her in the situation to pro-
1052 465 1145 2266 fit by them as much as his maritime skill could
1171 470 1270 2269 direct, he drove with the speed of lightning
1291 467 1389 2267 among the vessels of Lemnos, plying on either
1412 463 1510 2267 side, bows, crossbows, javelins, and military
1536 465 1633 2261 missiles of every kind, with the greater advantage
1659 461 1755 2257 that the Greeks, trusting to their artificial fire,
1780 461 1876 2263 had omitted arming themselves with other wea-
1900 457 1997 2261 pons; so that when the valiant Crusader bore
2020 462 2116 2261 down on them with so much fury, repaying the
2139 459 2217 2263 terrors of their fire with a storm of bolts and
2258 453 2358 2264 arrows no less formidable, they began to feel
2383 453 2496 2490 that their own advantage was much less than
2505 455 2604 2259 they had supposed, and that, like most other
2623 453 2726 2256 dangers, the maritime fire of the Greeks, when
2753 453 2848 2267 undauntedly confronted, lost at least one-half of
2872 448 2987 2257 its terrors. The Grecian sailors, too, when they
2989 446 3087 2255 observed the vessels approach so near, filled with
3106 447 3202 2251 the steel-clad Latins, began to shrink from a con-
3231 445 3311 2249 test to be maintained hand to hand with so ter-
3356 468 3452 1059 rible an enemy.
3466 538 3577 2241 By degrees, smoke began to issue from the
3596 379 3700 2243 sides of the great Crecian argosie, and the voice
