2887 4725
682 606 803 1986 158 COUNT ROBERT OF PARIS.
871 591 952 2411 confidence that the rules of fair battle will be
994 612 1091 1433 punctually observed."
1117 603 1217 2404 The two Grecian officers transmitted this reply
1238 544 1338 2406 to the Emperor, who heard it with pleasure;
1362 587 1460 2406 and, immediately proceeding to act upon the
1482 590 1579 2409 principle which he had laid down, of maintaining
1601 585 1696 2404 peace, if possible, with the crusaders, named
1703 592 1817 2408 Prince Tancred with the Proto-spathaire as
1826 596 1941 2402 Field Marshals of the lists, fully empowered,
1950 590 2059 2409 under the Emperor, t decide all the terms of
2072 588 2173 2406 the combat, and to have recourse to Alexias
2208 590 2306 2412 himself where their opinions disagreed. This
2332 590 2418 2407 was made known to the assistants, who were
2450 592 2544 2404 thus prepared for the entry into the lists of the
2568 598 2648 2404 Grecian officer and the Italian Prince in full
2688 587 2801 2399 armour, while a solemn proclamation announced
2811 591 2926 2397 to all the spectators their solemn office. The
2918 594 3010 2402 same annunciation commanded the assistants of
3056 597 3152 2399 every kind to clear a convenient part of the
3180 594 3264 2402 seats which surrounded the lists on one side, that
3300 596 3396 2402 it might serve for the accommodation of Prince
3423 621 3497 1367 Tancred's followers.
3540 691 3628 2401 Achilles Tatius, who was a heedful observer of
3663 593 3762 2397 all these passages, saw with alarm, that by the
