2595 3456
139 1163 211 1309 263
308 209 392 2241 Renumeration, welche ich von deinem Herrn erhalten habe, du Hel-
378 210 458 2237 lersbüchſe des Witzes, du Taubenei von Artigkeit. O, hätte es
448 205 534 2238 doch dem Himel gefallen, daß du auch nur mein Baſtard wärſt,
518 205 602 2238 welchen frohen Vater würdeſt du aus mir machen! Geh, du haſt
588 209 666 2234 getroffen den Dung, den Nagel auf den Kopf, wie man es nennt.
659 275 738 2231 Holof. Oho, ich wittre falſches Latein; den Dung für ad unguem.
725 273 808 2233 Arm. Kunſtmann, praeambula; wir wollen uns ſepariren
797 199 876 2430 von den Barbaren. Belehrt ihr nicht die Jugend in dem Päda-
866 225 944 1376 gogio auf dem Haupte des Gebirges?
936 286 1012 1716 Holof. Oder auf dem mons, dem Hügel.
1004 282 1082 1856 Arm. Nach eurem gütigen Ermeſſen für Gebirge.
1076 293 1149 1444 Holof. Ich thue es sans question.
1143 274 1222 2231 Arm. Herr, es iſt des Königs lieblichſte Willensmeinung und
1212 208 1291 2235 Affectation, zu beglückwünſchen die Prinzeſſin in ihrem Pavillon
1285 197 1362 2233 in den Poſterioribus des Tages, welche die rauhe Menge benamſet
1351 243 1430 608 Nachmittag.
1423 276 1503 2234 Holof. Die Poſteriora des Tages, ſehr edler Herr, ſind anfüg-
1492 200 1571 2235 ſam, congruent und paſſend für Nachmittag: das Wort iſt erleſen,
1561 200 1639 2236 ſelect, ſüß und anmuthiglich, ich verſichere es euch, Herr, ich ver-
1634 244 1708 602 ſichere euch.
1699 272 1775 2230 Arm. Herr, der König iſt ein erhabener Edelmann und mein
1768 195 1848 2236 intimer, ich kann euch verſichern, ſehr guter Freund: - denn was
1837 197 1917 2224 innerlich zwiſchen uns vorgeht, deſſen will ich nicht erwähnen.
1907 196 1982 2235 Ich bitte dich, laß die Ceremonien; - ich bitte dich, bedecke dein
1977 199 2056 2234 Haupt; - und unter andern ſehr wichtigen und höchſt ernſthaf-
2049 201 2128 2235 ten Plänen, - und gewiß auch von ſehr großer Gewichtigkeit; -
2118 200 2196 2234 doch deſſen will ich nichts erwähnen. Beim Himmel, ich erzähle
2189 198 2264 2235 dir keine Mährchen; gewiſſe ganz abſonderliche Ehrenbezeigungen
2259 198 2333 2233 geſiel es ſeiner Erhabenheit zu Theil werden zu laſſen dem Ar-
2327 196 2403 2235 mado, einem Krieger, einem vielgereiſten Manne, der die Welt ge-
2395 198 2471 2235 ſehen; doch deſſen will ich nichts erwähnen. Der eigentliche In-
2464 199 2540 2239 halt von dieſem Allem iſt, - doch, ſüßes Herz, ich bitte um Ver-
2532 207 2611 2232 ſchwiegenheit, - daß der König wünſcht, ich ſolle die Prinzeſſin,
2602 201 2679 2231 ſein ſüßes Täubchen, erfreuen durch irgend eine ergötzliche Oſten-
2671 204 2748 2230 tation, Schauſtellung, Aufzug, Mummenſchanz oder Feuerwerk.
2743 202 2818 2233 Nu, wohl erwägend, daß der Paſtor und eure werthe Perſon
2811 200 2887 2235 ſtark ſeid in ſolchen Ausbrüchen und plötzlichen Eruptionen der
2882 203 2962 2231 Ergötzlichkeit, ſo habe ich euch denn hievon vergewiſſert zu dem
2948 205 3028 2086 Endzweck, um eure Beiſtändlichkeit in Acquiſition zu nehmen.
3020 276 3129 2228 Holof. Herr Ritter, ihr müßt vor ihr das Spiel der neun
