2780 4530
464 400 536 505 32
482 920 582 1905 ANNE OF GEIERSTEIN.
705 353 816 2461 one mule can manage to carry? They must be
851 352 960 2464 beggarly Bohemians, or those whom the French
993 353 1107 2462 people call Escossais. The knaves! they shall
1140 353 1250 2469 pay with the pining of their paunches for the
1285 376 1396 1481 poverty of their purses.'"
1431 463 1542 2465 "Do not be too hasty, and please your ex-
1577 352 1687 2465 cellency,'' quoth the squire; "small budgets
1723 351 1833 2468 hold rich goods. But rich or poor, they are our
1868 351 1974 2470 men, at least they have all the marks - the el-
2010 352 2121 2470 der, well-sized, and dark-visaged, may write
2156 351 2267 2465 fifty and five years, a beard somewhat grizzled;
2301 350 2411 2469 - the younger, some two-and-twenty, taller
2443 351 2544 2469 than the first, and a well-favoured lad, with a
2588 356 2698 2288 smooth chin and light-brown mustachoes."
2721 461 2835 2459 "Let them be admitted," said the Governor,
2882 352 2992 2466 turning back in order again to descend to the
3027 352 3137 2466 street, "and bring them into the folter-kam-
3175 377 3258 1396 mer of the toll house."
3318 463 3428 2464 So saying, he betook himself to the place ap-
3461 353 3573 2468 pointed, which was an apartment in the large
3609 357 3718 2465 tower that protected the eastern gate-way, in
3752 355 3862 2467 which were deposited the rack, with various other
3897 358 3996 2465 instruments of torture, which the cruel and ra-
4038 365 4150 2471 pacious Governor was in the habit of applying
