2780 4530
292 482 362 627 170
300 988 360 2001 ANNE OF GEIERSTEIN.
522 423 617 2554 storms of Switzerland. Heaven was above us
664 422 779 2552 then, as it is over us now. Adieu, my beloved
809 424 920 2553 Arthur! Should I wait till the moment of sepa-
953 426 1072 2553 ration, there may be but short time to speak the
1100 426 1215 2553 fatal word, and no eye save thine own must see
1247 441 1360 1997 the tear which I now wipe away."
1391 534 1512 2554 The painful feeling which accompanied this
1537 428 1657 2556 anticipation of their parting, was so sincere on
1682 433 1803 2560 Arthur's part, as well as that of his father, that
1829 432 1924 2563 it did not at first occur to the former, as a source
1970 433 2080 2566 of consolation, that it seemed likely he might
2115 433 2237 2568 be placed under the guidance of the singular fe-
2260 436 2374 2569 male, the memory of whom haunted him. True
2404 439 2519 2563 it was, that the beauty of Anne of Geierstein,
2550 440 2663 2569 as well as the striking circumstances in which
2696 445 2802 2569 he had exhibited herself, had on that very
2842 443 2963 2573 morning been the principal occupation of his
2987 446 3104 2573 mind; but they were now chased from it by the
3132 447 3254 2574 predominant recollection, that he was about to
3274 453 3398 2574 bc separated in a moment of danger from a fa-
3420 453 3531 2579 ther, so well deserving of his highest esteem and
3571 486 3660 1404 his fondest affection.
3710 568 3815 2578 Meanwhile, that father dashed from his eye
3854 463 3950 2583 the tear which his devoted stoicism could not
3995 464 4121 2582 suppress, and, as if afraid of softening his re-
