2522 3526
231 1227 294 1361 129
404 316 482 2280 lich die Beredtſamkeit nach, welche allwöchentlich über ſeinem
494 333 569 1575 Haupte von der Kanzel herabdonnerte.
578 457 658 2278 „Was wir jetzo bedenken wollen, meine Brüder, - hm,
668 312 745 2282 hm - ich will ſagen, meine lieben Freunde, - geſchah nicht
754 314 831 2283 in einem Winkel, und mag allen Herenadvokaten, Atheiſten
841 313 917 2284 und Irrgläubigen aller Art als eine Lehre dienen. - Ihr
926 313 1007 2281 müßt wiſſen, daß der edle Laird von Ellangowan nicht ſo eifrig,
1015 313 1092 2281 wie es ſich geziemt hätte, damit war, ſein Land von Heren
1100 313 1181 2281 zu ſäubern (in Betracht des Wortes, das da geſagt iſt: „du
1190 312 1268 2280 ſollſt keine Zaubrerin leben laſſen“); auch nahm er es nicht
1276 313 1354 2282 gebührend ſtreng mit denen, welche Kobolde hatten, welche
1362 311 1442 2281 Wahrſagerei und dergleichen trieben, wie es bei den Aegyp-
1452 314 1528 2280 tiern (ſo pflegen ſich dieſe Leute zu nennen) und andern heil-
1538 312 1616 2277 loſen Banden in unſerm Lande üblich iſt. Nun war der Laird
1628 313 1705 2279 drei Iahre verheirathet, ohne einen Erben zu haben - man
1714 312 1795 2280 hielt dies für ein Strafgericht, weil er, wie es hieß, verbote-
1801 310 1880 2277 nen Umgang mit der Meg Merrilies pflog, die in den beiden
1886 310 1982 2277 Grafſchaften Galloway und Dumfries als die berüchtigtſte Hexe
1976 343 2041 795 bekannt war.“
2060 453 2140 2274 „Daran mag wohl etwas Wahres ſein, ſagte Mrs. Mac-
2149 309 2227 2274 Candliſh; „ich weiß ſelber, daß er ihr zwei Gläſer Schnaps
2240 330 2314 1413 in dieſem Hauſe einſchenken ließ.“
2322 456 2403 2270 „Freilich wohl, Wertheſte, und das bekräftigt nur noch
2413 310 2487 2273 meine Rede. - Endlich war denn die Lady guter Hoffnung,
2500 310 2577 2272 und in der Nacht, wo ſie niederkommen ſollte, da kommt an
2588 309 2667 2269 die Thür des Hauſes, (an den Hof von Ellangowan, wie man
2670 311 2756 2271 es nennt,) ein ſteinalter, ſeltſam gekleideter Mann, und bittet
2758 311 2842 2272 um Quartier. Kopf, Beine und Arme waren nackt, obwohl
2846 311 2929 2270 es gerade im Winter war, und ſein eisgrauer Bart hing ihn
2939 306 3018 2268 dreiviertel Ellen lang über die Bruſt herab. Gut, er ward
