2496 3504
209 1109 279 1244 196
380 184 461 2167 es, und verkauften den Körper für drei Schiling und ſechs
466 183 555 2170 Pence. Sie wurden gehängt, aber nur des Mordes wegen, nicht
556 182 636 2170 wegen des plagium. - Sie ſind hier einwenig zu weit gegangen.“
642 291 731 2168 „Wohl, Sir; inzwiſchen muß Sie Mr. Mae-Morlan dem
729 182 806 2172 Landgefängniß übergeben, falls dieſer junge Mann dieſelbe
815 183 890 2165 Geſchichte wiederholt. Gerichtsdiener, führt Mr. Gloſſin und
903 185 982 2109 Hatteraick ab, und bewabrt ſie in verſchiedenen Gemächern.
988 293 1065 2167 Gabriel, der Zigeuner, ward hereingeführt, und gab eine
1075 185 1164 2168 genaue Schilderung ſeiner Flucht von Capitain Pritchard's
1160 182 1241 2168 Fahrzeug und wie er ſich bei jenem Vorgange zn den Schmugg-
1247 186 1337 2165 lern geſellt habe; er berichtete umſtändlich, wie Dirk Hatte-
1331 184 1413 2170 raick Feuer in ſeinem Schiff angelegt habe, als er es untaug-
1421 178 1496 2299 lich fand, und wie er unter der Rauchwolke mit ſeiner Mann-
1505 181 1580 2172 ſchaſt entkam; ferner, wie man noch ſo viel Güter als mög-
1586 180 1668 2171 lich in jene Höhle rettete, wo man bis zum Einbruch der Racht
1676 226 1753 507 zu liegen
1763 225 1832 512 beeſt Br
1675 1177 1751 2148 elbſt, ſein Unterſchiffer Ban-
1761 1194 1835 2146 worunter auch der Berichter-
1846 184 1929 2170 ſtatter, gingen nach der angranzenden Waldung, um ſich mit
1932 188 2008 2172 einigen ihrer Freunde in der Nachbarſchaft zu beſprechen. Sie
2017 185 2096 2171 überſielen Kennedy plötzlich, und Hatteraick und Brown, ah-
2104 184 2180 2172 nend daß er der Urheber ihres Unglücks war, beſchloſſen ihn
2191 184 2277 2171 zu morden. Er erklärte, daß er geſehn habe, wie ſie gewalt-
2277 184 2354 2171 ſame Hand an den Zollbeamten legten, und ihn durch den
2363 187 2440 2170 Wald ſchleppten, er ſelber habe iedoch an dem Angriffe nicht
2449 185 2527 2171 Theil genommen, auch ſeinem Ende nicht beigewohnt. Auf
2534 187 2614 2165 einem andern Wege war er nach der Höhle zurückgekehrt, wo
2618 189 2701 2178 er wieder mit Hatteraick und ſeinen Genoſſen zuſammentraf;
2702 187 2790 2165 der Capitain hatte eben die Erzählung begonnen, wie er und
2786 187 2870 2171 Brown ein großes Felsſtück hinabgeſtürzt hatten, wo Kennedy
2865 187 2959 2172 ſtöhnend am Strande lag, als plötzlich Gloſſin unter ihnen
2949 189 3048 2172 erſchien. Dem ganzen Vorgange, wo Hatteraick Gloſſin's
