2760 5130
444 1420 535 1600 246
707 455 791 2583 who had loved and honoured him as much as he
852 456 961 2584 was capable of entertaining such sentiments for
996 452 1105 2588 any one; and above all, that there was much rea-
1143 456 1252 2588 son to suspect that the deceased had fallen vic-
1287 466 1395 2275 tim to a blow meant for Henry himself
1430 569 1543 2590 It was, therefore, with an alacrity which, the
1577 464 1676 2599 minute before, he could scarce have command-
1721 466 1832 2598 ed, and which seemed to express a stern plea-
1865 466 1975 2602 sure, that, having pressed his lips to the cold
2011 465 2123 2605 brow of the unhappy Magdalen, the armourer
2157 506 2267 955 replied,-
2302 583 2416 2605 "I, Henry the Smith, dwelling in the Wynd
2447 471 2561 2607 of Perth, good man and true, and freely born,
2595 471 2705 2611 accept the office of champion to this widow
2739 475 2852 2614 Magdalen, and these orphans, and will do bat-
2881 474 2998 2607 tle in their quarrel to the death, with any man
3009 476 3146 2612 whomsoever of my own degree, and that so long
3172 475 3290 2619 as I shall draw breath. So help me at my need
3317 508 3425 1650 God and good St John !"
3462 585 3579 2613 There rose from the audience a half-suppress-
3607 481 3729 2617 ed cry, expressing the interest which the per-
3755 481 3874 2617 sons present took in the prosecution of the quar-
3898 486 3998 2176 rel, and their confidence in the issue.
4044 592 4142 2610 Sir Patrick Charteris then took measures for
