2152 3085
117 997 176 1106 76
217 294 294 1904 „Jch bemerkte auch in Eurem Saale,“ fuhr der Han-
288 179 362 1910 delsmann ſort, „einen Helm, der auf ſeinem Kamme eben
360 180 438 1908 dies Wahrzeichen trägt. Es iſt jener Helm, wie ich vermuthe,
430 181 507 1908 eine Tropäe des Triumphes der Schweizer Landleute über
498 179 575 1909 die Edlen von Geierſtein, etwa ſo wie der engländiſche Bo-
570 182 651 1908 gen zum Gedächtniß der Schlacht bei Buttisholz aufbewahrt
646 216 706 428 ward?“
711 295 787 1904 „Ihr möchtet, lieber Herr, wie ich bemerkte,“ ſagte der
782 179 860 1905 Landammann, „in Folge der Vorurtheile Eurer Erziehung,
853 183 931 1905 den Einen Sieg mit ſo unangenehmen Gefühlen wie den An-
924 188 1000 1906 dern betrachten. - Sonderbar, daß die Ehrerbietung gegen
995 186 1070 1905 Stand und Rang nicht einmal in den Gemüthern derer aus-
1066 178 1142 1904 zurotten iſt, die kein Recht haben können, je Theil an ſolchem
1135 183 1214 1905 Stande und Range zu nehmen! Allein zieht Eure geſenkten
1206 181 1283 1903 Augenbraunen in die Höhe, mein werther Gaſt, und ſeyd
1278 180 1356 1904 verſichert, daß obwohl, als die Schweiz die Bande der Lehns-
1349 178 1422 1902 ſklaverei abſchüttelte, manches ſtolzen Barons Schloß durch
1416 180 1496 1898 die gerechte Rache eines gereizten Volkes geplündert und zer-
1487 181 1562 1901 ſtört ward, ſolches doch nicht das Schickſal des Geierſteins
1557 182 1635 1897 war. Das Blut der alten Beſitzer dieſer Thürme fſließt noch
1629 189 1703 1565 in den Adern deſſen, der dieſe Ländereien beſitzt.“
1699 294 1777 1897 „Wie habe ich das zu verſtehen, Herr Landammann?"
1768 182 1848 1902 fragte Philipſon. „Seyd Ihr nicht ſelbſt Beſitzer diefer Ge-
1838 219 1915 423 gend?“
1911 293 1990 1898 „Und wahrſcheinlich denkt Ihr," verſetzte Arnold, „ich
1979 180 2057 1898 könne nicht von altadelichem Geſchlecht abſtammen, weil ich
2051 179 2131 2044 gleich andern Hirten lebe, weil ich ein ſelbſt geſponnen und
2122 182 2200 1900 ſelbſtgewebtes Gewand trage und den Pflug mit eigener
2192 181 2272 1898 Hand lenke? Dieſe Kantone zählen manchen adlig entſtamm-
2264 177 2343 1899 ten Landmann, Herr Handelsmann, auch gibt es keinen äl-
2335 179 2409 1899 teren Adel als den, von welchem die Ueberreſte in meinem
2403 177 2481 1895 Vaterlande gefunden werden. Allein dieſe Edeln haben frei-
2475 180 2557 1893 willig dem bedrückenden Theile ihrer Lehnsgewalt entſagt,
2547 180 2623 1895 und werden nicht mehr als Wölfe unter der Heerde, ſondern
2611 182 2700 1894 als wachſame Hofhunde angeſehen, die zur Friedenszeit die
2678 183 2768 1928 Schaafe geleiten und zu deren Schutze bereit ſind, ſobald
2747 201 2829 1173 Rrieg unſere Gemeinde bedräuet.“
