2026 3030
117 975 198 1173 145
237 187 339 1886 mindeſtens hoffen ließ, einen Schimmer von Licht auf das-
312 220 387 661 ſelbe zu werfen.
362 299 460 1882 Beharrlich in dieſem Vorſatze ſchritt er, Wacht haltend,
452 188 532 1885 auf und ab, die Blicke auf den Punkt des Waldes geheftet,
524 130 600 1887 wo er die geliebte Geſtalt hatte verſchwinden ſehen, wobei
595 189 672 1887 er für den Augenblick vergaß, daß ſein Poſten noch andere
665 150 744 1980 Zwecke hätte, als den, die Rückkehr der Erſcheinnng zu er-
738 193 813 1957 warten. Allein aus dieſer Abſonderung ſeines Geiſtes ward
808 193 882 1888 er bald durch einen fernen Ton im Walde aufgeſchreckt, der
879 189 956 1888 wie Waffengeklirr erklang. Plötzlich zum Bedenken ſeiner
950 188 1026 1889 Pflicht zurückgeführt, einer Pflicht, die für ſeinen Vater und
1019 187 1097 1889 ſeine Reiſegenoſſen wichtig war, ſtellte Arthur ſich auf die
1092 188 1166 1889 Rothbrücke, wo ſich's am beſten Halt machen ließ, und wen-
1162 187 1240 1998 dete Augen und Ohren nach der Gegend, von wannen Ge
1233 189 1311 1889 fahr fich nahen möchte. Das Geklirr kam näher, Fußtritte
1306 189 1381 1889 wurden hörbar - Speere und Helme wurden am grünen
1375 164 1446 1889 Waldende ſichtbar und blinkten im Mondlicht. Allein die
1447 191 1523 1888 ſtattliche Geſtalt Rudolphs vom Donnerhügel, der an der
1519 192 1595 2005 Spitze der Schaar ſchritt, ward bald kenntlich, und verkün-
1590 164 1662 2022 dete unſerer Schildwacht die Heimkehr der Wachrunde. Bei
1662 194 1736 1887 deren Annäherung ward der Feldruf gewechſelt und Zeichen
1733 192 1808 1885 und Gegenzeichen gehörig gegeben, wie es bei dergleichen
1803 194 1879 1886 Gelegenheit üblich iſt; und als Rudolphs Begleiter einzeln
1873 196 1950 1886 in das Schloß einzogen, erhielten ſie Befehl, ihre Kamera-
1943 192 2021 1886 den zu wecken, mit denen er die Runde auf's neue zu machen
2016 197 2092 1885 gedächte; auch zugleich Arthur Philipſon ablöſen zu laſſen,
2086 195 2162 1887 deſſen Wachtdienſt auf der Brücke ein Ende hätte. Dieſer
2157 192 2236 1991 lezte Umſtand ward durch den dumpfen und fernen Hall der
2228 196 2305 1989 Münſterglocke in der Stadt Baſel beſtätigt, die, ihren düſtern
2299 198 2393 1884 Sang weit über Forſt und Feld verſendend, ankündigte
2371 218 2446 1066 daß Mitternacht vorüber war.
2422 311 2517 1884 „Und nun, Kamerad,“ fuhr Rudolph zu dem Engländer
2509 202 2587 1884 fort, „haben Nachtluft und langes Wachthalten Dich beftimmt,
2577 204 2659 1886 zu Speiſe und Schlaf zurückzukehren, oder blieb Dir noch
2653 225 2729 1096 Luſt, die Runde mitzumachen?“
