2598 3678
388 1266 453 1357 80
558 319 648 2302 ſüßer Geruch ſein, und mit ihrer Hülfe wollen wir dem Zau-
642 320 728 2303 ber und der Verführung entgegenwirken, worein ſich unſer
737 319 811 2303 Bruder verſtrickt hat. Er ſoll die Banden dieſer Delila zer-
824 270 899 2305 reißen, wie Simſon die neuen Stricke zerriß, womit ihn die
910 317 987 2450 Philiſter gebunden hatten, aber die ſchändliche Zauberin, wel-
1000 322 1075 2302 che ihre Bezauberungen bei einem Mitgliede des heiligen Tem-
1087 323 1162 2104 pels angewendet hat, ſoll ſicherlich des Todes ſterben.“
1173 430 1251 2299 „Aber die engliſchen Geſetze“ - ſagte der Präceptor, der
1259 317 1336 2303 ſich zwar freute, daß der Zorn des Großmeiſters ſich ſo glück-
1348 319 1422 2303 lich von ihm und Bois-Guilbert abgewendet habe, doch aber
1435 336 1512 1579 fürchtete, er möge ihn zu weit führen.
1521 431 1599 2301 „Die engliſchen Geſetze,“ erwiderte Beaumanoir, „erlauben
1608 319 1685 2304 und ermächtigen jeden Richter innerhalb ſeiner Iurisdiction
1696 319 1774 2305 Gerechtigkeit zu üben. Der geringſte Edelmann kann eine
1781 319 1860 2304 auf ſeinem Gebiete gefundene Hexe verhaften und nach der
1869 319 1947 2304 Unterſuchung verurtheilen. Wie ſollte man dem Großmeiſter
1957 319 2035 2302 des Tempels innerhalb des Präceptoriums ſeines Ordens
2045 320 2134 2303 dieſes Recht verweigern? Nein Wir wollen urtheilen und
2135 322 2210 2303 verdammen. Bereite die Schloßhalle zu dem Prozeſſe der
2223 358 2295 838 Zauberin vor.“
2307 433 2385 2299 Albert Malvoiſin verbeugte ſich und ging - nicht um Be-
2395 322 2472 2303 fehle zu geben, die Halle in Bereitſchaft zu halten, ſondern
2483 322 2557 2305 um Bois-Guilbert aufzuſuchen, und ihm mitzutheilen, wie die
2570 323 2644 2305 Sachen wahrſcheinlich enden würden. Er fand ihn bald,
2656 322 2734 2306 ſchäumend vor Unwillen wegen einer Zurückweiſung, die er
2744 324 2819 2306 wieder von der ſchönen Iüdin erfahren hatte. „Die Undank-
2831 323 2908 2303 bare,“ ſagte er, „den zurückzuweiſen, der unter Blut und
2920 322 2995 2305 Flammen ihr Leben mit Gefahr ſeines eigenen würde gerettet
3007 323 3083 2305 haben! Beim Himmel, Malvoiſin! ich blieb da, bis Balken
3094 326 3169 2306 und Sparren um mich her krachten. Ich war das Ziel von
3176 328 3264 2306 hundert Pfeilen; ſie raſſelten an meiner Rüſtung, gleich Schloßen
