2594 3650
319 1270 381 1402 194
493 336 571 2315 Wamba trug an dieſem Tage eine neue Kappe und einen un-
579 349 667 2323 geheuren Schmuck von ſilbernen Glöckchen. So wie ſie Wil-
668 348 751 2324 freds Unglück und Gefahren redlich getheilt hatten, blieben ſie
745 356 838 1923 auch im Gllück ſeine Theilnehmer und Gefährten.
843 422 919 2324 Außer dieſem Dienergefolge wurde dieſe Hochzeit auch ver-
929 348 1010 2322 herrlicht durch den Beſuch vornehmer Normänner und Sachſen,
1017 348 1096 2322 die den allgemeinen Iubel der niedern Stände theilten, welche
1101 347 1182 2324 in dieſer Verbindung ein Pfand künftigen Friedens zwiſchen
1192 342 1273 2514 zwei Geſchlechtern erblickten, die ſich ſeit der Zeit ſo vollkom-
1274 341 1370 2514 men vermiſcht haben, daß ſich kein Unterſchied mehr erkennen läßt.
1363 341 1464 2514 Cedric lebte noch ſo lange, die Anyäherung dieſer Vereinigung
1451 340 1540 2514 zu bemerken; allein erſt unter der Regierung Eduards des
1533 342 1627 2514 Dritten wurde die vermiſchte Sprache, die ietzt Engliſch heißt,
1620 341 1718 2514 am Hofe zu London geſprochen, ſo wie auch erſt von der Zeit
1711 340 1829 2514 an der feindliche Unterſchied zwiſchen Normannen und Sachſen
1803 364 1881 1547 gänzlich verſchwunden zu ſein ſcheint.
1862 454 1982 2512 Am zweiten Morgen nach ihrem Hochzeitstage wurde der Lady
1973 337 2052 2514 Rowena von ihrer Zofe Elgitha gemeldet, daßein junges Mädchen
2063 345 2139 2317 da ſei, welches mit ihr ohne Zeugen zu ſprechen wüuſche. Rowena
2149 346 2226 2320 wunderte ſich darüber, wurde aber neugierig, ließt das Mäd-
2236 345 2316 2323 chen hereinkommen und befahl ihren Leuten, ſich zu entfernen.
2324 396 2397 2328 Die Fremde trat ein - eine edle, impoſante Geſtalt. Der
2412 344 2489 2329 lange weiße Schleier, der ſie umſloß, beſchattete mehr die An-
2498 343 2576 2330 muth und Majeſtät ihres Weſens, als daß er ſie verhüllte. Ihr
2583 343 2661 2325 Benehmen war höchſt achtungsvoll, doch ohne den mindeſten
2671 283 2750 2327 Schatten von Furcht, oder das Beſtreben, ſich Rowena's Gunſt
2756 344 2839 2327 zu erwerben. Rowena war ſtets bereit, fremde Anſprüche an-
2844 344 2925 2327 zuerkennen und fremde Gefühle zu theilen. Sie ſtand auf, und
2932 347 3013 2330 würde ſogleich die liebenswürdige Fremde zu einem Sitze ge-
3017 347 3093 2328 ſührt haben, allein ſie ſah Elgitha an, nnd änßerte abermals
3100 347 3190 2505 den Wunſch, mit Lady Rowena allein zn reden. Elgitha war
