2404 4096
216 316 320 1674 302  GUY MANERRING.
400 300 554 2212 be nae hindrance. - But where's Henry
509 300 671 2221 Bertram?" The asistants, to whom this
631 224 790 2212 name had been long a stranger gazed upon
773 296 925 2198 each other. - "Yes!" she said in  a strong
896 298 1034 2202 er and barsher tone, "I said Henry Ber-
1022 298 1174 2201 tram af Ellangowan. Stand from the light
1154 316 1283 1382 and let me see him."
1265 320 1422 2185 All eyes were turned towards Bertram,
1383 295 1548 2182 who approached the wretched couch. The
1507 295 1674 2188 wounded woman took hold of his hand.
1658 299 1812 2173 "Look at him," she said, "all that ever
1789 291 1928 2368 saw his father or his grandfather, and hear.
1916 287 2059 2363 witness if he is not their living image." -
2025 293 2182 2172 A murmur went through the crowd - the
2169 278 2308 2186 resemblance was too striking to be denied.
2294 286 2436 2182 "And now hear me - and let that man,"
2426 297 2564 2171 pointing to Hatteraick, who was seated
2551 291 2690 2171 with his keepers on a sea-chest at some
2677 267 2817 2176 distance - "let him deny what I say if he
2735 253 2956 2441 can. That is Henry Bertram, son to God-
2923 266 3076 2172 frey Bertran, umquhile of Ellangowan;
3062 259 3199 2174 that is the child that Dirk Hatteraick car-
3183 267 3341 2439 ried off from Warroch wood the day that
3310 275 3475 2170 he murdered the gauger. I was there like
