2476 3462
177 1135 239 1265 144
335 215 440 2187 rettete. Aber hier kommt endlich der Wein. Schenkt meinen
437 217 514 2188 guten Freunden und Gäſten ein, bis es überläuft. Auf das
524 221 600 2190 Wohl von St. Johnſton und ein fröhlicher Willkomm Euch
612 221 690 2190 Allen, meine wackern Freunde! Und nun ſetzt Euch und eßt
700 218 801 2202 einen Biſſen, denn die Sonne ſteht hoch und Ihr muntern
785 231 864 1614 Leute werdet lange nichts genoſſen haben.“
870 325 949 2208 „Bevor wir eſſen, Mylord Oberrichter,“ ſagte der Bailie,
961 218 1037 2190 „laßt uns den dringenden Grund unſeres Kommens berichten,
1049 238 1123 1479 welchen wir noch nicht berührt haben.“
1135 328 1210 2191 „Nein, ich bitte, Bailie,“  ſagte der Oberrichter, „laßt das,
1218 222 1299 2193 bis Ihr gegeſſen habt. Eine Beſchwerde gegen die übermü-
1309 222 1387 2196 thigen Jackmen und Diener der Edeln, die in den Straßen
1393 226 1472 2194 der Stadt Ball ſpielten, oder ſonſt ſo eine hübſche Sache?“
1480 332 1562 2192 „Nein, Mylord,“  ſagte Craigdallie ernſt und feſt. „Die
1569 197 1659 2198 Herren der Jackmen ſind's, über die wir klagen, weil ſie Ball
1655 224 1736 2200 mit der Ehre unſerer Familien ſpielten, und ſo wenig Umſtände
1745 224 1823 2198 mit unſrer Töchter Schlafkammern machen, als wären ſie in
1830 227 1923 2198 einem Bordel zu Paris. Eine Schaar Nachtſchwärmer, -
1917 226 1999 2200 Hofleute und Männer von Rang, wie nur zu viel Grund zu
2007 229 2088 2197 glauben iſt, - verſuchten in letzter Nacht die Fenſter in Si-
2095 229 2174 2199 mon Glovers Hauſe zu erſteigen; ſie ſtanden mit gezogenen
2182 228 2263 2198 Wehren zu ihrer Vertheidigung, als ſie durch Harry Schmied
2272 229 2351 2198 geſtört wurden, und ſie kämpften, bis ſie von den erwachten
2363 253 2437 1204 Bürgern vertrieben wurden.“
2434 338 2527 2200 „Wie?“ ſagte Sir Patrick, den Becher niederſetzend, den
2531 234 2610 2201 er eben erheben wollte. „Teufel, beweist mir das, und bei
2619 235 2698 2203 der Seele Thomas von Longueville's, mit meiner beſten Macht
2704 235 2783 2203 will ich Euch beiſtehen und ſollt' es mir Leben und Land ko-
2791 234 2881 2203 ſten. - Wer bezeugt das? - Simon Glover, man kennt
2881 237 2959 2205 Euch als ehrlichen und behutſamen Mann - nehmt Ihr die
2967 244 3048 1943 Wahrheit dieſer Beſchuldigung auf Euer Gewiſſen?“
