3532 5054
284 323 355 460 918
441 377 506 1777 Gräfin. Nur an den Hof! Ei, welcher Platz dünkt
496 294 564 1781 euch denn höher, wenn ihr den ſo verächtlich betrachtet?
553 315 614 800 Nur an den Hof!
619 375 688 1782 Tölpel. Wahrlich, Ihre Gnaden, hat Gott 'nem
677 290 743 1783 Manne einige Manieren geliehen, ſo kann er ſie bei
733 290 795 1784 Hofe leicht verlieren. Wer keinen Kratzfuß machen, den
788 291 850 1784 Hut nicht ziehen, die Hand nicht küſſen und nichts ſagen
844 293 904 1781 kann, der hat nicht Fuß, Hände, Lippe noch Hut; und
897 293 960 1786 wahrhaftig, ſo ein Kerl wäre, genau genommen, nicht
952 297 1017 1787 für den Hof; doch was mich betrifft, ich hab' 'ne Ant-
1008 311 1068 989 wort, die für Alles paßt.
1076 378 1143 1786 Gräfin. Wahrhaftig, das mag eine vortreffliche
1132 303 1195 1393 Antwort ſein, die auf alle Fragen paßt.
1202 376 1267 1789 Tölpel. Sie iſt gleich eines Barbiers Stuhle, der
1258 292 1323 1791 für alle Hintere recht iſt: den magern, dürren, runden
1314 310 1375 902 — kurz allen Hintern.
1383 376 1451 1785 Gräfin. Wird deine Antwort für alle Fragen paſ—
1439 335 1499 603 ſend ſein?
1509 372 1574 1788 Tölp. So paſſend, wie zehn Kreuzer in die Hand eines
1565 290 1626 1789 Advokaten, wie eure frangöſiſche Krone für ein in Atlas
1619 295 1684 1791 gekleidetes Menſch, wie Gretens Ring für Hanſens Fin—
1674 296 1737 1788 ger, wie ein Pfannkuchen für den Faſtendienſtag, wie
1728 295 1793 1788 ein Mohrentanz zum Maitag, wie der Nagel zu ſeinem
1783 287 1848 1790 Loch, wie der Hahnrei zu ſeinem Horn, wie ein ſchmäh—
1837 290 1902 1788 lendes Weib zu einem zänkiſchen Manne, wie der Nonne
1891 290 1957 1789 Lippe zu des Mönchs Munde; ja, wie die Wurſt zu
1949 321 2011 632 ihrer Haut.
2017 377 2083 1785 Gräfin. Habt ihr, ſag' ich, eine Antwort, die ſo
2076 306 2139 1067 paſſend zu allen Fragen iſt?
2139 374 2209 1785 Tölpel. Vom Herzog bis zum Bettelvoigt paßt ſie
2202 319 2265 747 für alle Fragen.
2269 379 2335 1788 Gräfin. Das muß eine Antwort von, ganz unge-
2326 292 2393 1665 heurer Größe ſein, die für alle Fragen paſſen ſoll.
2397 375 2460 1787 Tölpel. Eine geringe Kleinigkeit, wahrhaftig, wenn
2453 294 2515 1790 die Gelehrten die Wahrheit davon ſagen ſollten: hier
2508 296 2571 1786 iſt ſie und Alles, was dazu gehört. Fragt mich, ob ich
2563 294 2624 1787 ein Cavallier bin. Es würd' euch nichts ſchaden, was
2619 321 2681 587 zu lernen.
2686 384 2751 1788 Grafin. Wieder jung zu werden, wenn's anginge.
2742 292 2807 1788 Ich will ſo thöricht ſein und fragen, in der Hoffnung,
2798 295 2861 1788 durch eure Antwort weiſer zu werden. Saget doch,
2851 308 2916 1229 mein Herr, ſeid ihr ein Cavalier?
2922 326 2987 1790 Tölpel. „O Gott, mein Herr!“ - Das iſt
2977 296 3043 1792 eine kurze Abfertigung; - mehr, mehr, ein Hundert
3039 325 3086 510 davon!
3103 380 3166 1787 Gräfin. Mein Herr, ich bin eine arme Freundin
3160 315 3218 974 von euch, die euch liebt.
3229 379 3292 1788 Tölpel. O Gott, mein Herr! — Nur immer
3286 316 3352 891 zu, ſchont mich nicht.
3356 381 3424 1787 Gräfin. Ich glaube, mein Herr, ihr könnt nichts
3411 307 3473 1286 von dieſer Hausmannskoſt genießen.
3481 378 3548 1788 Tölpel. O Gott, mein Herr! — ja, ſetzt mich
3538 310 3601 1171 nur dazu, ich bürg' euch dafür.
3608 388 3673 1788 Gräfin. Ihr wurdet neulich gepeitſcht, mein Herr,
3666 327 3731 598 glaub' ich.
3731 341 3800 1787 Tölpel. O Gott, mein Herr! — ſchont mich
3793 330 3851 476 nicht.
3860 382 3925 1789 Gräfin. Schrei't ihr: „O Gott, mein Herr!"
3917 297 3977 1790 wie ihr gepeitſcht werdet, und „ſchont mich nicht?"
3969 295 4035 1790 Wahrhäftig, euer „O Gott mein Herr“ paßt
4024 294 4089 1788 recht gut zu euren Prügeln: ihr würdet einer Aus—
4080 296 4145 1713 peitſchung recht gut antworten, wenn ihr dazu kämt.
4148 378 4213 1783 Tölpel. Ich machte kein ſchlechter Glück in meinem
4203 292 4266 1784 Leben mit meinem „O Gott mein Herr!“ Ich
4259 296 4326 1783 ſehe, man kann ein Ding lange brauchen, aber nicht
4313 324 4378 726 ewig brauchen,
4368 381 4431 1786 Gräfin. Ich ſpiele eine, gute Haushälterin mit der
4423 294 4485 1788 Zeit, daß ich mich ſo luſtig mit einem Narr'n unter-
4482 331 4544 484 halte.
4529 349 4598 1787 Töllpell. O Gott, mein Herr! Ei, da traf es
4590 325 4647 627 wieder gut.
4638 383 4703 1787 Gräfin. Genug; an's Werk nun: gebt dies Helena
4693 303 4759 1618 Und treibt ſie gleich zu ſchneller Antwort drauf.
4748 304 4814 1579 Empfehlt mich meinem Vetter, meinem Sohn:
4802 320 4863 804 Das iſt nicht viel.
