3511 5055
269 1061 372 2330 Ende gut, Alles gut. Akt 1.
272 3015 344 3149 913
425 166 493 2890 wie ein Geſchmeide und ein Zahnſtocher, den man Zu zeigen ihr Verdienſt, die Lieb' geflohn?
482 159 548 3124 nicht mehr trägt; eure Schminke paßt beſſer zu eurer Des Königs Krankheit — trügen auch Gedanken —
536 158 602 3126 Torte und zu eurer Snppe, alls auf eure Wange, und Doch ſteht mein Vorſatz feſt, ich will nicht wanken.
592 196 657 1732 eure Jungfernſchaft, eure alte Jungfernſchaft, iſt gleich
649 194 712 1733 einer pon unſern franzöſiſchen gedörrten Birnen; ſie
702 194 768 1733 ſtieht übel aus, ſie nährt ſchlecht; wahhaftig, 's i
757 193 823 1791 eine welke Birne: ſie war vormals beſſer, wirklich;
810 195 898 1733 doch, ſie ist eine welke Birne. Was wolltet ihr damit
866 225 927 503 anfangen?
906 278 1016 1731 Hel. Noch kam's nicht ſo weit mit meiner Jung-
975 222 1034 584 fräulichkeit.
1029 204 1094 1441 Eu'r Herr wird tauſend dort zu lieben haben,
1082 204 1148 1299 'ne Mutter und Geliebte, einen Freund,
1138 204 1203 1388 Und Phönix, einen Feldherrn, einen Feind:
1192 208 1257 1237 Und Führerin, Göttin, Beherrſcherin,
1247 202 1312 1300 Rathgeberin, Verrätherin; was Liebes;
1302 200 1367 1430 Demüth'gen Stolz und ſeine ſtolze Demuth;
1356 200 1424 1514 Mißton'gen Wohllaut und den ſüßen Mißklang;
1413 201 1480 1414 Treu' und erwünſchten Unſtern; eine Menge
1466 205 1531 1316 Art'ger, verliebter Namen, wo Gevatter
1520 205 1585 1401 Der blinzelnde Cupid. Alsdann wird er —
1575 195 1643 1693 Ich weiß nicht, was er wird; — Gott ſchenk' ihm
1632 1173 1690 1401 Heil! —
1683 202 1748 1355 Der Hof iſt ein lehrreicher Ort, und er —
1738 300 1800 820 Par. Was iſt ier?
1794 282 1857 1572 Hel. Dem ich wohl will. — Es iſt Schade —
1847 299 1904 957 Par. Was iſt Schade?
1902 282 1965 1588 Hell. Daß körperlich nicht Segenswünſche ſind,
1954 202 2021 1451 Micht ſühlbar, und daß wir (zu arm geboren,
2011 200 2074 1564 Auf Wünſche nur beſchraͤnkt von unſerm Unſtern),
2066 144 2129 1443 Nicht folgen können mit des Wunſch's Erfolg
2120 199 2186 1485 Dem Freund; zu zeigen, was wir nur gedacht,
2177 212 2228 1069 Und was man uns kaum dankt,
2280 558 2341 1223 Ein Page tritt ein,
2365 280 2432 1690 Page. Monſieur Parolles, mein Herr rief nach
2422 234 2483 360 euch.
2480 1360 2531 1616 (Geht ab.)
2537 281 2605 1688 Par. Niedliche Helena, leb' wohl; kann ich mich
2594 195 2661 1692 auf dich beſinnen, ſo will ich bei Hof an dich denken.
2647 269 2714 1690 Hel. Monſieur Parolles, ihr ſeid unter einem
2703 214 2765 902 günſtigen Stern geboren.
2757 292 2818 1120 Par. Unter'm Mars bin ich.
2810 276 2877 1592 Hel. Das dacht' ich mir wohl, unter'm Mars.
2865 290 2923 1081 Par. Warum unter Mars?
2920 278 2985 1688 Hel. Der Krieg hat euch immer ſo eingenommen,
2977 197 3038 1691 daß ihr nothwendig unter Mars geboren ſein mußtet.
3030 289 3092 1109 Par. Als er herrſchend war.
3084 276 3152 1632 Hel. Als er rückgängig war, denk' ich vielmehr.
3138 287 3200 1116 Bar, Warum denkt ihr das?
3195 275 3260 1688 Hel. Jhr geht ſo ſehr rückwärts, wenn ihr fechtet.
3248 283 3311 1263 Par. Das geſchieht zum Vortheil.
3304 275 3362 1685 Hel. Freilich; ſo auch läuft man fort, wenn Furcht
3359 190 3422 1687 die Rettung, anräth. Aber dieſe Miſchung von Furcht
3413 190 3478 1686 und Tapferkeit in euch, iſt eine Tugend mit guten
3469 193 3531 1654 Flügeln verſehn, und mir gefällt die Tracht wohl.
3522 276 3584 1685 Par. Ich bin ſo voller Geſchäfte — ich kann dir
3577 190 3642 1687 nicht gleich ſcharfſinnig antworten. Jch will als voll-
3634 190 3694 1687 kommner Hofmann zurückkehren; und dann ſoll mein
3687 190 3748 1685 Unterricht dazu dienen, dich zu naturaliſiren, wenn du
3742 189 3805 1687 anders eines Hofmannes Rath wirſt faſſen und verſte-
3797 187 3859 1685 hen können, was dir mein Unterricht anvertrauen wird;
3851 192 3913 1687 ſonſt ſtirbſt du in deiner Undankbarkeit, und deine Un—
3905 191 3968 1687 wiſſenheit rafft dich hinweg; lebe wohl. Wenn du
3960 186 4023 1685 Zeit haſt, ſo ſprich deine Gebete; wenn du keine haſt,
4016 188 4081 1683 denk' an deine Freunde; ſchaff' dir einen guten Mann,
4070 187 4136 1684 und verhalt' dich gegen ihn, wie er ſich gegen dich.
4124 216 4187 605 So leb' wohl.
4186 1349 4241 1607 (Geht ab.)
4247 277 4312 1464 Hel. Es liegen in uns oft die Mittel, die
4303 191 4369 1375 Vom Himmel wir erwartet. Schickſal lieh
4359 196 4421 1384 Uns freie Hand, und hindert dann uns blos
4413 198 4475 1293 Die träge Abſicht, wann wir urtheillos.
4466 193 4533 1451 Weſſ' Macht ſpannt meine Liebe denn ſo hoch,
4521 191 4587 1485 Laßt ſchau'n mein Aug', und unbefriedigt doch?
4576 194 4643 1443 Oft hat, was Schickſal ſchied, Natur gepaart,
4632 189 4695 1565 Macht ungleich gleich, und gleicht verſchiedne Art.
4686 193 4751 1408 Was ungewöhnlich, ſcheint unmögllich jenen,
4741 192 4802 1473 Die nach Erfahrung richten nur, uund wähnen:
4795 196 4862 1460 Was nie geſchah, wird nie. Sucht' eine ſchon
