2550 3606
254 1229 314 1317 12
425 429 503 2257 „Du haſt ihn das Geheimniß gelehrt, ſein Pfund zu einem
514 283 591 2264 Pfennig und ſeine Gewebe zu einem Faden umzuſchmelzen,
600 282 678 2261 Vetter,“  ſagte Giles Gosling. -  „Nimm keines Narren Rath
685 285 764 2263 an, Nachbar Goldthred. Wage Dich nicht aufs Meer, denn
772 285 849 2261 es iſt ein unerſättliches Raubthier. Mögen auch Karten und
860 280 936 2262 Dirnen ihr Schlimmſtes thun, Deines Vaters Waarenballen
947 281 1027 2265 mögen Dein luſtiges Leben wohl noch ein oder zwei Iahre
1027 283 1113 2265 gut machen, ehe Du in's Spital kommſt; doch das Meer hat
1123 284 1209 2260 einen bodenloſen Appetit, es würde den ganzen Reichthum von
1203 282 1289 2260 Lombard Street in einem Morgen ebenſo gemächlich verſchlin-
1297 283 1377 2263 gen, wie ich ein weich geſottenes Ei und ein Glas Claret -
1383 280 1459 2266 und was meines Vetters Eldorado betriſft, ſo traue mir nie-
1464 282 1547 2261 mals wieder, wenn ich nicht glaube, daß er es in den Taſchen
1557 282 1632 2259 ſolcher Einfaltspinſel wie Du gefunden hat. - Aber ſtopfe Dir
1643 282 1721 2259 die Naſe deshalb nicht voll Schnupftabak; greift zu und ſeid
1731 281 1808 2259 willkommen, denn hier kommt das Abendeſſen, und ich gebe
1817 283 1895 2261 es herzlich gern allen denen, die Theil daran nehmeu wollen,
1899 279 1983 2258 um die Rückkehr meines hoffnungsvollen Neffen zu feiern,
1991 278 2069 2258 indem ich das Vertrauen hege, daß er als ein anderer Mann
2078 280 2164 2260 zurückgekehrt iſt. - Wahrhaftig, Vetter, Du ſiehſt meiner armen
2157 284 2246 2211 Schweſter ſo ähnlich, wie nur je ein Sohn ſeiner Mutter.“
2252 425 2330 2254 „Doch nicht ähnlich dem alten Benedict Lambourne, ihrem
2338 283 2417 2260 Gatten,“ ſagte der Krämer nickend und winkend. „„Erinnerſt
2422 281 2502 2259 Du Dich, Michel, was Du ſagteſt, als des Schulmeiſters Ruthe
2510 280 2599 2259 über Dir ſchwebte, weil Du Deinem Vater die Krücken wegge-
2593 283 2675 2257 ſchlagen? - Es iſt ein kluges Kind, ſagteſt Du, welches ſeinen
2684 283 2760 2260 eigenen Vater kennt. Doctor Bricham lachte bis er weinte, und
2770 283 2852 2146 durch ſein Weinen wurdeſt Du des Weinens überhoben.“
2859 428 2936 2257 „Ia, er trug es mir ſpäter manches Iahr nach,“ ſagte
2944 182 3024 2261 Lambourne; „und wie geht es dem würdigen Pädagogen?“
3032 429 3108 2253 „Er iſt ſchon manchen Tag todt,“ ſagte Giles Gosling.
