2569 3606
251 1226 314 1316 27
423 284 502 2260 regte? Treſſilian entſchloß ſich daher, ſein Emma gegebenes
509 286 598 2260 Wort unbedingt zu halten, ſowohl, weil er es einmal gege-
598 285 672 2262 ben, als auch, weil er immer zu dem Echluſſe kam, wenn er
686 288 760 2260 dieſe ſeltſame Unterredung überdachte, daß er es nicht mit
771 310 846 1298 Recht habe verweigern können.
859 431 935 2255 Wenigſtens war es ihm gelungen, dieſem unglücklichen
946 287 1022 2256 und noch immer geliebten Gegenſtande ſeiner frühern Neigung
1034 288 1110 2258 Schutz zu verſchaffen. Emma war nicht mehr in einem fernen
1120 286 1196 2260 und einſamen Hauſe unter der Obhut von Perſonen zweifel-
1207 286 1281 2260 haften Rufes. Sie war in dem Schloſſe Kenilworth, in dem
1292 288 1367 2260 Bereiche des königlichen Hofes, frei von ieder Geſahr der
1379 287 1459 2261 Gewaltthätigkeit, und verbunden, bei der erſten Aufforderung
1468 315 1549 1197 vor Eliſabeth zu erſcheinen.
1550 430 1629 2256 Während er ſo die Vortheile und Gefahren gegen einan-
1639 286 1716 2257 der abwog, welche ihr unerwartetes Erſcheinen in Kenilwoth
1725 286 1802 2260 begleiteten, wurde Treſſilian haſtig und ängſtlich von Way-
1810 287 1887 2259 land angeredet, der nach dem Ausrufe: „Gott ſei Dank, daß
1899 286 1975 2258 ich Euer Gnaden endlich gefunden!“ ihm mit großer Vorſicht
1986 288 2069 2262 die Nachricht zuflüſterte, daß die Dame aus Cumnor Plaee
2076 326 2148 731 entſlohen ſei.
2158 331 2238 2263 „Und ſie iſt gegenwärtig in dieſem Schloſſe,“ ſagte Treſ-
2246 231 2322 2263 ſilian; „ich weiß es und habe ſie geſehen. - Hat ſie aus
2331 293 2410 1984 eigener Wahl in meinem Zimmer Zuflucht geſucht?“
2420 314 2495 2260 „Nein,' antwortete Wayland; „doch ich konnte kein an-
2509 289 2583 2261 deres Mittel ſinden, ſie ſicher unterzubringen, und war nur
2595 291 2674 2260 zu glücklich, einen Diener aufzufinden, welcher wußte, wo Ihr
2681 287 2767 2337 einquartiert waret. Gewiß ſeid Ihr in angenehmer Geſell-
2760 1494 2850 2312 und die Küche auf der
2769 309 2843 1491 ſchaft, die Halle iſt auf der einen,
2856 326 2918 821 andern Seite!“
2937 435 3014 2260 „Still, dies iſt keine Zeit zum Scherzen,“ antwortete
3026 326 3101 855 Treſſilian finſer.
