2396 4104
314 404 452 1965 THE HEART OF MID-LOTHIAN. 69
514 152 643 1969 "You asked her. questions on the sub-
634 99 755 1973 ject?" he said, eagerly.  You must re-
765 99 879 1974 memlier her answer was, a confession that
897 99 1010 1974 she had been ruined by a villain - yes, lay a
1026 110 1151 1971 strong emphasis on that - a cruel, false vil-
1142 97 1281 2063 lain call it - any other name is unnecessary;
1280 93 1407 1977 and that she bore under her bosom the con-
1399 91 1523 2058 seqjuences of his guilt and her folly ; and
1536 102 1646 2180 that he had assured her he would provide.
1652 104 1775 1975 safely for her approaching illness.- Well
1778 97 1905 1975 he kept his word!" These last words he
1912 109 2037 1976 spoke as it were to himself, and with a vio-
2028 108 2168 1973 lent gesture of self-accusation, and then
2168 109 2279 1975 calmly proceeded, "You will remember
2296 106 2406 1985 all this? - That is all that is necesssary to be
2424 144 2537 382 said."
2523 146 2662 1976 "But I cannot remember," answered
2677 102 2819 2104 Jeanie, with simplicity, "that which Effie
2808 135 2927 815 never told me."
2899 211 3051 1979 "Are you so dull - so very dull of ap-
3059 108 3185 2094 prehension!" he exclaimed, suddenly grasp-
3177 111 3298 1979 ing her arm, and holding it firm in his hand.
3312 109 3431 1977 "I tell you," (speaking.between his teeth,
3436 103 3580 1979 and under his breath, but with great ener-
3584 780 3721 1088 9
