2373 4113
313 527 413 2074 THE HEART OF MID-LOTHIAN. 279
497 205 626 2089 the justises, and the sworn inquest Of ex-
616 203 754 2083 tra-judicial confession, all authorities held
745 196 864 2083 with the illustrious Fariuaceus, and Mat-
881 201 997 2085 theus, 'confessio extrajudicialis in se nulla
1013 194 1126 2090 est, et quod nulllum est, non potest adminicu-
1135 194 1253 2086 lari.' It was totally inept, and void of all
1265 205 1378 2078 strength and effect from the beginning; in-
1393 201 1504 2083 eapable, therefore, of being bolstered up or
1521 197 1632 2078 supported, or, according to the law-phrase,
1648 197 1760 2085 adminiculated, by other presumptive cir-
1775 209 1888 2078 cumstances. In the present cese, therefore,
1903 203 2015 2087 letting the extra-judicial confession go, as
2028 206 2142 2089 it ought to go, for nothing,'' he contend-
2157 204 2269 2088 ed," the proseutor had not made out the
2283 212 2399 2089 second quality of the statute, that a live
2410 208 2515 2087 child had been born; and that, at least,
2539 206 2650 2091 ought to be established before presump-
2667 185 2782 2093 tions were received that it had been mur-
2792 206 2905 2231 dered. If any of the assize,'' he said,
2919 214 3031 2094 "should be of opinion that this was deal-
3048 212 3160 2092 ing rather narrowly with the statute, they
3175 218 3287 2096 ought to consider that it was in its nature
3301 216 3417 2096 highly penal, and therefore entitled to no
3432 175 3576 1339 favourable construction."
