2396 4104
314 404 452 1965 THE HEART OF MID-LOTHIAN. 69
514 152 643 1969 "You asked her. questions on the sub-
634 99 755 1973 ject?" he said, eagerly.  You must re-
765 99 879 1974 memlier her answer was, a confession that
897 99 1010 1974 she had been ruined by a villain - yes, lay a
1026 110 1151 1971 strong emphasis on that - a cruel, false vil-
1142 97 1281 2063 lain call it - any other name is unnecessary;
1280 93 1407 1977 and that she bore under her bosom the con-
1399 91 1523 2058 seqjuences of his guilt and her folly ; and
1536 102 1646 2180 that he had assured her he would provide.
1652 104 1775 1975 safely for her approaching illness.- Well
1778 97 1905 1975 he kept his word!" These last words he
1912 109 2037 1976 spoke as it were to himself, and with a vio-
2028 108 2168 1973 lent gesture of self-accusation, and then
2168 109 2279 1975 calmly proceeded, "You will remember
2296 106 2406 1985 all this? - That is all that is necesssary to be
2424 144 2537 382 said."
2523 146 2662 1976 "But I cannot remember," answered
2677 102 2819 2104 Jeanie, with simplicity, "that which Effie
2808 135 2927 815 never told me."
2899 211 3051 1979 "Are you so dull - so very dull of ap-
3059 108 3185 2094 prehension!" he exclaimed, suddenly grasp-
3177 111 3298 1979 ing her arm, and holding it firm in his hand.
3312 109 3431 1977 "I tell you," (speaking.between his teeth,
3436 103 3580 1979 and under his breath, but with great ener-
3584 780 3721 1088 9
313 527 413 2074 THE HEART OF MID-LOTHIAN. 279
497 205 626 2089 the justises, and the sworn inquest Of ex-
616 203 754 2083 tra-judicial confession, all authorities held
745 196 864 2083 with the illustrious Fariuaceus, and Mat-
881 201 997 2085 theus, 'confessio extrajudicialis in se nulla
1013 194 1126 2090 est, et quod nulllum est, non potest adminicu-
1135 194 1253 2086 lari.' It was totally inept, and void of all
1265 205 1378 2078 strength and effect from the beginning; in-
1393 201 1504 2083 eapable, therefore, of being bolstered up or
1521 197 1632 2078 supported, or, according to the law-phrase,
1648 197 1760 2085 adminiculated, by other presumptive cir-
1775 209 1888 2078 cumstances. In the present cese, therefore,
1903 203 2015 2087 letting the extra-judicial confession go, as
2028 206 2142 2089 it ought to go, for nothing,'' he contend-
2157 204 2269 2088 ed," the proseutor had not made out the
2283 212 2399 2089 second quality of the statute, that a live
2410 208 2515 2087 child had been born; and that, at least,
2539 206 2650 2091 ought to be established before presump-
2667 185 2782 2093 tions were received that it had been mur-
2792 206 2905 2231 dered. If any of the assize,'' he said,
2919 214 3031 2094 "should be of opinion that this was deal-
3048 212 3160 2092 ing rather narrowly with the statute, they
3175 218 3287 2096 ought to consider that it was in its nature
3301 216 3417 2096 highly penal, and therefore entitled to no
3432 175 3576 1339 favourable construction."
