2940 4950
243 478 345 2085 248  GUY MANNERING.
404 456 611 2913 tegrity unjustly suspected, that even Co-
597 449 776 2912 lonel Mannering was staggered in his bad
780 450 937 2911 opinion. He followed him two or three
1237 456 1369 2703 he had paid during his visit. Glossin left
1387 460 1528 2705 the house, half pleased with the impression
1536 449 1672 2909 he had made, half mortified by the stern.
1692 456 1843 2911 caution and proud reluctance with which
1837 454 1949 2911 he had been received. "Colonel Manner-
1940 456 2135 2912 ing might have had more politeness," he
2146 460 2279 2912 said to himself - "it is not every man that
2301 465 2436 2705 can bring a good chance of 400l. a-year
2452 468 2591 2705 to a pennyless girl. Singleside must be up
2604 461 2739 2911 to 400l a-year now-there's Reilagegan-
2729 463 2894 2911 beg, Gillifidget, Loverless, Liealone, and
2911 463 3051 2911 the Spinster's Knowe-good 400l. a-year.
3037 466 3209 2912 Some people might have made their own
3520 495 3654 1886 see how that is possible.''
3645 593 3825 2909 Glossin was no sooner mounted and
3813 470 3961 2912 gone, than the Colonel dispatched a groom
