2599 3518
233 1279 311 1417 280
403 372 512 2362 Hel. Wie macht man es denn, Herr, ſie zs verlieren ſobald es
483 392 545 787 betiebt?
558 384 660 2370 Par. Laßt ſehen. In Wahrheit, ſchlimm, an dem Behagen
646 354 729 2367 zu finden, der kein Behagen dran hat. 's iſt eime Waare, die
715 341 795 2368 den Glanz durchs Liegen verliert; je länger behalten, deſto ge-
786 306 868 2354 rnger ihr Werth: fort mit ihr, fo lange ſie verkckuflich iſt:
854 331 935 2382 man beobachte die Zeit, da ſis geſucht wird. Die Junfernſchaft
925 360 1003 2383 trägt, gleich einer alten Hofdame, einen altmodiſchen Kopfputz;
993 362 1082 2354 koſtbar beſett, doch unpaſſend aufgeſetzt, beinahe, wie ein Ge-
1063 362 1147 2364 ſchmeide and ein Zahnſtocher, den man nicht mehr trägt eine
1131 364 1210 2357 Schminke paßt beſſer zu eurer Torte und zu eurer Suppe, als
1199 367 1278 2363 auf eurer Wange; und eure Jungfernſchaft, eure alte Jungfern-
1266 363 1360 2365 chat, iſt gleich einer ven unſern franzöſiſchen gedörrten Birnen;
1335 365 1425 2366 Sie sieht übel aus, ſie nährt ſchlecht wahrhaftig, 's iſt ee welke
1403 367 1496 2366 Birne: Sie war vormals beſſer, wirklich; doch, sie ist eine welke
1469 380 1570 1867 Birne. Was wolltet ihr damit anfangen?
1546 376 1686 2368 Hel. Noch kam's nicht so weit mit meiner Junfräulichkeit
1648 379 1757 1901 Eu'r Herr word taufend dort zu lieben haben,
1719 383 1792 1716 'ne Mutter und Geliebte, einen Freund,
1758 377 1866 1834 Und Phönix, einen Feldherrn, einen Feind:
1855 383 1937 1640 Und Führerin, Göttin, Beherrſcherin,
1919 383 1998 1691 Rathgeberin, Verrätherin, was Liebes;
1964 380 2069 1848 Demüth'gen Stolz und seine stolze Demuth;
2059 376 2161 1999 Mißtön'gen Wohllaut und den ſüßen Mißklang;
2131 378 2239 1898 Treu' und erwünſchten Unstern; eine Menge
2200 380 2273 1750 Art'ger, verliebter Ramen, wo Gevatter
2253 378 2346 1843 Der blinzelnde Eupid. Alsdann wird er -
2308 367 2428 2310 Ich weiß nicht, was er wird: - Gott ſchenk' ihm Heil! -
2406 380 2509 1831 Der Hof iſt em lehreicher Ort; - und er-
2483 391 2577 1235 Par. Was ist er?
2574 424 2657 652 Hel.
2654 650 2751 1360 Was iſt Schade?
2657 423 2751 663 Par.
2718 390 2850 2081 Hel. Daß körperlich nicht Segenswünsche find,
2811 377 2895 1901 Nicht fühlbar: und daß mir, (zu arm geboren,
2858 373 2962 2025 Auf Wünſche nur beſchränkt von unſerm Unstern,)
2923 370 3055 2376 Nicht folgen können mit des Menſch's Erfolg
271 1295 344 1456 282
439 358 520 2372 an deine Freunde: ſchaff' dir einen guten Mann, und, verhalt'
509 360 600 2189 dich gegen ihn, wie er ſich gegen dich. So leb' wohl.
567 1837 682 2156 (Geht ab.)
1807 1025 1861 1693 -
1622 1885 1747 2242 geht ab.)
2009 891 2133 1846 Zweite Scene.
536 2161 597 2309 ,
2148 762 2274 1951 Der franzöſiſche Hof.
2276 390 2414 2401 Der König von Frankreich und Gefolge tritt auf.
2426 429 2531 2405 König. (mit Briefen.) Siena und Florenz ſind handgemein;
2506 366 2617 2029 Man focht mit gleichem Glück und führt noch fort
2577 386 2679 1094 Im tafern Krieg.
2850 369 2931 1827 Von unſerm Vetter hier aus Oeſtreich auch.
2919 372 2998 1796 Er meldet, daß Florenz uns werde angehn
2966 366 3070 2028 Um schnelle Hilfe; darum warnt der Freund uns
255 1182 335 1431 289
436 216 515 2409 davon; doch hingen ſie ſo ſchwankend an der Wagſchale, daß
506 223 582 2235 ich ſie weder glauben noch verwerfen konnte. Ich bitt' euch,
574 225 652 2235 mich zu verlaſſen; verbergt die Sache in eurem Buſen, und ich
643 227 735 2235 dank' euch für eure treue Sorgfalt: ich will noch weiter davon
714 257 787 790 mit euch ſprechen.
728 1454 791 2092 (Haushofmeiſter geht ab.)
799 189 902 2005 Gräf. So war's mit mir, da ich noch jung: ſo geht's,
884 638 982 2016 Sind wir natürlich. Dieser Dorn wird zeigen
953 576 1029 1724 Sich bei der Roſe unſrer Jugend ſtets:
1023 638 1100 2041 Das Blut iſt uns, dies unſerm Blute eigen.
1091 573 1163 1869 Das Zeichen iſts der Wahrheit der Natur,
1159 577 1234 1780 Wann Jugend Liebesleidenſchaft erfuhr:
1227 575 1300 1800 Ich finde, denk ich früh'rer Zeit, bei mir
1295 572 1369 1951 Die Fehler auch, hielt ſie nur nicht dafür. -
1379 993 1436 1473 Helena tritt auf.
1447 466 1526 1722 Jhr Auge leidet dran, ich ſeh es ſchon.
1540 316 1632 1609 Hel. Was euer Wille, gnädge Frau?
1634 318 1722 1755 Gräf. Du weißt, ich bin dir Mutter, Helena.
1721 330 1816 1317 Hel. Verehrteſte Gebieterin.
1825 333 1899 1202 Gräf. Nein, Mutter;
1895 236 1970 1717 Warum nicht Mutter? Als ich ſagte: Mutter,
1963 236 2039 2204 Sahſt, glaub' ich, Schlangen du. - Was liegt in ,, Mutter“
2035 249 2110 1703 Das dich erſchreckt? Ich ſag, ich bin dir Mutter,
2102 255 2175 1332 und ſetze dich mit in der Reihe derer,
2172 254 2246 1381 Die ich gebar: wetteifern ſah man oft
2241 253 2317 1544 Natur mit Neigung; Wahl hat zugewandt
2301 247 2383 1850 uns oft den Zweig, gepflanzt von fremder Hand.
2377 256 2453 1456 Du preßteſt nie mir Mutterthränen aus,
2446 255 2522 1655 Doch heg' ich für dich mütterliche Sorgfalt:-
2516 255 2587 1573 um Gotteswillen, Kind! erſtarrt dein Blut,
2584 255 2657 1653 Sag' ich, ich ſei dir Mutter? Woher kommt's,
2650 257 2726 1448 Daß krankhaft dieſe Vorbotin dev Näſſe,
2720 256 2796 1486 Vielfarb'ge Iris, dir umringt das Auge?
2788 260 2973 1407 Wie? - Weil du meine Tochter? hel. Bin es nicht.
2978 335 3052 1461 Gräf. Ich ſag, ich bin dir Mutter.
3047 228 3139 514 XII.
3030 1691 3097 1892 19
