2599 3518
233 1279 311 1417 280
403 372 512 2362 Hel. Wie macht man es denn, Herr, ſie zs verlieren ſobald es
483 392 545 787 betiebt?
558 384 660 2370 Par. Laßt ſehen. In Wahrheit, ſchlimm, an dem Behagen
646 354 729 2367 zu finden, der kein Behagen dran hat. 's iſt eime Waare, die
715 341 795 2368 den Glanz durchs Liegen verliert; je länger behalten, deſto ge-
786 306 868 2354 rnger ihr Werth: fort mit ihr, fo lange ſie verkckuflich iſt:
854 331 935 2382 man beobachte die Zeit, da ſis geſucht wird. Die Junfernſchaft
925 360 1003 2383 trägt, gleich einer alten Hofdame, einen altmodiſchen Kopfputz;
993 362 1082 2354 koſtbar beſett, doch unpaſſend aufgeſetzt, beinahe, wie ein Ge-
1063 362 1147 2364 ſchmeide and ein Zahnſtocher, den man nicht mehr trägt eine
1131 364 1210 2357 Schminke paßt beſſer zu eurer Torte und zu eurer Suppe, als
1199 367 1278 2363 auf eurer Wange; und eure Jungfernſchaft, eure alte Jungfern-
1266 363 1360 2365 chat, iſt gleich einer ven unſern franzöſiſchen gedörrten Birnen;
1335 365 1425 2366 Sie sieht übel aus, ſie nährt ſchlecht wahrhaftig, 's iſt ee welke
1403 367 1496 2366 Birne: Sie war vormals beſſer, wirklich; doch, sie ist eine welke
1469 380 1570 1867 Birne. Was wolltet ihr damit anfangen?
1546 376 1686 2368 Hel. Noch kam's nicht so weit mit meiner Junfräulichkeit
1648 379 1757 1901 Eu'r Herr word taufend dort zu lieben haben,
1719 383 1792 1716 'ne Mutter und Geliebte, einen Freund,
1758 377 1866 1834 Und Phönix, einen Feldherrn, einen Feind:
1855 383 1937 1640 Und Führerin, Göttin, Beherrſcherin,
1919 383 1998 1691 Rathgeberin, Verrätherin, was Liebes;
1964 380 2069 1848 Demüth'gen Stolz und seine stolze Demuth;
2059 376 2161 1999 Mißtön'gen Wohllaut und den ſüßen Mißklang;
2131 378 2239 1898 Treu' und erwünſchten Unstern; eine Menge
2200 380 2273 1750 Art'ger, verliebter Ramen, wo Gevatter
2253 378 2346 1843 Der blinzelnde Eupid. Alsdann wird er -
2308 367 2428 2310 Ich weiß nicht, was er wird: - Gott ſchenk' ihm Heil! -
2406 380 2509 1831 Der Hof iſt em lehreicher Ort; - und er-
2483 391 2577 1235 Par. Was ist er?
2574 424 2657 652 Hel.
2654 650 2751 1360 Was iſt Schade?
2657 423 2751 663 Par.
2718 390 2850 2081 Hel. Daß körperlich nicht Segenswünsche find,
2811 377 2895 1901 Nicht fühlbar: und daß mir, (zu arm geboren,
2858 373 2962 2025 Auf Wünſche nur beſchränkt von unſerm Unstern,)
2923 370 3055 2376 Nicht folgen können mit des Menſch's Erfolg
