2621 3552
255 1182 335 1431 289
436 216 515 2409 davon; doch hingen ſie ſo ſchwankend an der Wagſchale, daß
506 223 582 2235 ich ſie weder glauben noch verwerfen konnte. Ich bitt' euch,
574 225 652 2235 mich zu verlaſſen; verbergt die Sache in eurem Buſen, und ich
643 227 735 2235 dank' euch für eure treue Sorgfalt: ich will noch weiter davon
714 257 787 790 mit euch ſprechen.
728 1454 791 2092 (Haushofmeiſter geht ab.)
799 189 902 2005 Gräf. So war's mit mir, da ich noch jung: ſo geht's,
884 638 982 2016 Sind wir natürlich. Dieser Dorn wird zeigen
953 576 1029 1724 Sich bei der Roſe unſrer Jugend ſtets:
1023 638 1100 2041 Das Blut iſt uns, dies unſerm Blute eigen.
1091 573 1163 1869 Das Zeichen iſts der Wahrheit der Natur,
1159 577 1234 1780 Wann Jugend Liebesleidenſchaft erfuhr:
1227 575 1300 1800 Ich finde, denk ich früh'rer Zeit, bei mir
1295 572 1369 1951 Die Fehler auch, hielt ſie nur nicht dafür. -
1379 993 1436 1473 Helena tritt auf.
1447 466 1526 1722 Jhr Auge leidet dran, ich ſeh es ſchon.
1540 316 1632 1609 Hel. Was euer Wille, gnädge Frau?
1634 318 1722 1755 Gräf. Du weißt, ich bin dir Mutter, Helena.
1721 330 1816 1317 Hel. Verehrteſte Gebieterin.
1825 333 1899 1202 Gräf. Nein, Mutter;
1895 236 1970 1717 Warum nicht Mutter? Als ich ſagte: Mutter,
1963 236 2039 2204 Sahſt, glaub' ich, Schlangen du. - Was liegt in ,, Mutter“
2035 249 2110 1703 Das dich erſchreckt? Ich ſag, ich bin dir Mutter,
2102 255 2175 1332 und ſetze dich mit in der Reihe derer,
2172 254 2246 1381 Die ich gebar: wetteifern ſah man oft
2241 253 2317 1544 Natur mit Neigung; Wahl hat zugewandt
2301 247 2383 1850 uns oft den Zweig, gepflanzt von fremder Hand.
2377 256 2453 1456 Du preßteſt nie mir Mutterthränen aus,
2446 255 2522 1655 Doch heg' ich für dich mütterliche Sorgfalt:-
2516 255 2587 1573 um Gotteswillen, Kind! erſtarrt dein Blut,
2584 255 2657 1653 Sag' ich, ich ſei dir Mutter? Woher kommt's,
2650 257 2726 1448 Daß krankhaft dieſe Vorbotin dev Näſſe,
2720 256 2796 1486 Vielfarb'ge Iris, dir umringt das Auge?
2788 260 2973 1407 Wie? - Weil du meine Tochter? hel. Bin es nicht.
2978 335 3052 1461 Gräf. Ich ſag, ich bin dir Mutter.
3047 228 3139 514 XII.
3030 1691 3097 1892 19
