2296 4088
384 303 494 462 324
382 823 537 1625 THE ANTIQUARY.
578 263 714 2150 religion holds most holy, tell me, reve-
726 267 853 2152 rend father, what I am to expect from a
845 272 967 2162 communication, opened by a token con-
982 270 1084 2160 nected with such horrible recollections?"
1107 353 1225 2151 The old man, appalled by a manner so
1236 264 1351 2158 different from what he had expected from
1364 275 1481 2161 the proud and powerful nobleman, was at
1498 277 1602 2163 a loss how to answer, and in what manner
1624 281 1749 2161 to undeceive him - "Tell me", continued
1740 279 1876 2162 the Earl, in a tone of increasing trepida-
1873 283 2004 2163 tion and agony - "tell me, do you come
1995 283 2120 2167 to say, that all that has been done to ex-
2129 285 2260 2167 piate guilt so horrible, has been too little
2266 284 2387 2187 and too trivial for the offence, and to point
2395 289 2481 2171 out new and more efficacious modes of se-
2512 266 2635 2168 vere penance? - I will not blench from it,
2652 291 2764 2171 father - let me suffer the pains of my
2771 293 2916 2173 crime here in the body, rather than here-
2909 240 3020 1339 after in the spirit!"
3034 303 3149 2171 Edie had now recollection enough to
3164 298 3275 2169 perceive, that if he did not interrupt the
3293 297 3417 2162 frankness of Lord Glenallan's admissions,
3409 299 3529 2179 he was likely to become the confidant of
3546 301 3659 2173 more than might be safe for him to know.
