2308 4094
348 347 466 687 62
323 769 443 1658 THE ANTIQUARY.
527 298 675 2303 added to their national inrerest in his be-
666 302 789 2302 half. A travelling friar, they said, that is
795 251 933 2206 here to-day and away to-morrow, may say
921 302 1043 2302 what he pleases, but it is we, the ancient
1053 305 1175 2260 and constant inhabitants of the country,
1178 221 1311 2305 that are left at the mercy of the insulted
1295 301 1437 2331 daemon, and must, of course, pay for al
1433 302 1567 2292 Under the irritation occasioned by these
1557 302 1692 2300 reflections, the peasants from injurious
1693 302 1827 2214 language betook themselves to stones, and
1817 298 1954 2298 having pebbled the priest pretty hand
1943 221 2079 2179 somely, they dreve him owut of tle parish
2069 300 2202 2204 to preach against dmons elsewhere.
2187 396 2321 2204 Three young men, who had been pre-
2334 222 2463 2292 sent and assisting upon this occasion,
2452 226 2588 2306 were upon their return to the hut, where
2588 296 2717 2218 they carried on the laborious and mean
2713 292 2846 2302 occupation of preparing charcoal  for the
2835 292 2974 2303 smelting furnaces. On the way, their con-
2970 289 3099 2307 versation naturally turned upon the, de
3089 290 3228 2165 mon of the Harz and the doctrine of the
3217 225 3355 2334 capuchin. Max and George Waldeck, the
3345 286 3484 2311 two elder brohers, although they allowed
3471 287 3629 2309 the language of the capichin to have
