2272 4086
331 244 472 1566 164 THE ANTIQUARY.
540 231 666 2113 the faith of a desperate and ruined man,
657 230 801 2131 I'll send you where you shall see spirits
774 200 908 776 enough."
923 335 1037 2123 The treasure-fnder, trembling between
1050 235 1175 2111 his terror for the supernatural beings by
1167 237 1290 2113 whom he supposed himself to be surround-
1304 231 1406 2126 ed, and for his life, which seemed to be at
1434 240 1556 2113 the mercy of a desperate man, could only
1564 222 1686 2177 bring out, "Mine patron, this is not the
1687 243 1832 2129 allerbestmost usage. Consider, mine ho-
1820 245 1934 1871 oured sir, that de spirits" --
1931 266 2073 2139 Here Edie, who began to enter into the
2068 245 2202 2121 humour of the scene, uttered an extraor-
2190 226 2328 2288 inary howl, being an exaltation and a
2318 247 2456 2296 prolongation of the most deplorable whine
2446 251 2584 2131 in which he was accustomed to solicit
2575 225 2713 2132 charity- Dousterswivel flung himself on
2699 255 2857 2139 his knees, "Dear Sir Arthurs, let us go, or
2821 287 2953 819 let me go!"
2947 278 3096 2136 "No, you cheating sondrel," said the
3085 257 3226 2296 knight, unsheatbing the sword which he
3218 262 3340 2129 had brought for the purposes of the exor-
3345 234 3480 2152 cism, "that shift will not serve  you -
3470 267 3629 2129 Monkbarns warhned me long since of your
