2760 4690
444 719 524 2362 CHAP. VI. THE VAGRANT. 133
651 261 765 2363 to find them stupid, and as unfit to assist him
795 259 911 2363 with counsel, as in the rencounter they had shewn
937 262 1054 2098 themselves reluctant to use their weapons.
1081 364 1189 2357 "It is all the better," said Quentin to himself,
1221 255 1337 2365 his spirit rising with the apprehended difficulties
1364 253 1482 2365 of his situation; "that lovely young lady shall
1510 253 1628 2367 owe all to me. - What one hand - ay, and one
1650 252 1770 2362 head can do, - methinks I can boldly count upon.
1792 253 1910 2371 I have seen my father's house on fire, and him and
1938 255 2052 2367 my brothers lying dead amongst the flames - I
2080 255 2195 2371 gave not an inch back, but fought it out to the
2222 255 2337 2369 last. Now I am two years older, and have the
2364 259 2472 2369 best and fairest cause to bear me well, that ever
2507 259 2597 2214 kindled mettle within a brave man's bosom."
2656 357 2769 2364 Acting upon this resolution, the attention and
2798 253 2912 2371 activity which Quentin bestowed during the jour-
2942 257 3058 2371 ney, had in it something that gave him the ap-
3086 255 3198 2371 pearance of ubiquity. His principal and most
3226 257 3340 2374 favourite post was of course by the side of the
3368 259 3472 2372 ladies; who, sensible of his extreme attention to
3512 259 3626 2376 their safety, began to converse with him in al-
3656 259 3770 2378 most the tone of familiar friendship, and appear-
3798 261 3913 2371 ed to take great pleasure in the naivete, yet
3938 261 4050 2371 shrewdness, of his conversation. Yet Quentin
