4360 8070
753 969 853 3034 CHAP. IV. THE DEJEUNER.
721 3513 858 3685 65
1082 209 1278 3750 the old man; "but I was about to say, since you
1291 204 1515 3757 like your present meal so well, that the Scottish
1555 200 1743 3757 archers of the guard eat as good a one, or a bet-
1792 254 1976 1413 ter, every day."
2018 386 2226 3755 "No wonder,'' said Durward, "for if they
2270 192 2453 3754 are shut up in the sallows" nests all night, they
2507 188 2691 3758 must needs have a curious appetite in the morn-
2747 256 2931 609 ing."
2985 361 3173 3987 "And plenty to gratify it upon," said Maitre
3227 183 3413 3747 Pierre. "They need not, like the Burgundians,
3467 93 3655 3757 choose a bare back, that they may have a full
3710 177 3891 3755 belly - they dress like counts, and feast like ab-
3951 251 4085 671 bots.""
4187 366 4366 3141 "It is well for them," said Durward.
4432 352 4620 3741 "And wherefore will you not take service
4658 167 4859 3746 here, young man? Your uncle might, I dare
4907 165 5093 3743 say, have you placed on the file when there should
5145 165 5335 3743 a vacancy occur. And, hark inyour ear, I my-
5387 171 5573 3741 elf have some little interest, and might be of some
5625 160 5810 3736 use to you. You can ride, I presume, as well as
5866 222 6003 1421 draw the bow?"
6109 343 6293 3726 "Our race are as good horsemcn as ever put a
6342 160 6538 3734 plated shoe into a steel stirrup; and I know not
6615 417 6709 912 VOL. I.
