2760 4690
397 453 477 2093 320 CHAP. XIII. TE FLIGHT.
619 549 731 2552 "Ay - my cousin - the Countess Hameline of
762 440 875 2544 Croye - know you aught of her ?" said the Count-
904 437 1018 2545 ess Isabelle; "I trust she is now under the pro-
1050 439 1156 2547 tection of the Burgundian banner. You are si-
1192 455 1302 1902 lent. Know you aught of her?"
1334 549 1443 2549 The last question, urged in a tone of the most
1476 437 1590 2550 anxious inquiry, obliged Quentin to give some
1619 439 1703 2548 account of what he knew of the Countess's fate.
1762 440 1864 2548 He mentioned, that he had been summoned to
1905 435 2016 2554 attend her in a flight from Liege, which he had
2049 435 2161 2552 no doubt the Lady Isabelle would be partaker in
2193 435 2305 2552 - he mentioned the discovery that had been made
2335 437 2447 2552 after they had gained the forest - and finally, he
2477 435 2577 2554 told his own return to the castle, and the circum-
2622 435 2706 2557 stances in which he found it. But he said no-
2759 433 2873 2554 thing of the views with which it was plain the
2901 437 3015 2556 Lady Hameline had left the Castle of Schon-
3039 437 3155 2566 waldt, and as little about the floating report of
3187 437 3302 2554 her having fallen into the hands of William de la
3330 439 3446 2556 Marck. Delicacy prevented hiseven hinting at the
3474 437 3588 2547 one, and regard for the feelings of his companion,
3618 439 3728 2554 at a moment when strength and exertion were
3756 437 3870 2556 most demanded of her, prevented him from allu-
