2466 4040
520 301 589 1582 CHAP. XV]  TRIAL OF MARIGNY.
501 1832 571 1962 369
624 289 706 2004 that the Kings of England laid claim to the inheri-
713 285 789 2143 tance of France, in contradiction te the Salic law,
800 288 884 2004 and in right of this same Isabel's succession to her
891 322 953 541 father.
978 372 1054 2002 Louis X., whom, for some uncertain reason, the
1066 289 1149 2004 French called Hutin (or the Turbulent), next as-
1155 286 1239 2005 cended the throne. The first point he had to con-
1243 283 1325 2012 sider was the bringing to account the favourite of
1331 284 1415 2001 the deceased monarch, Enguerrand de Marigny,
1416 282 1500 2001 who had been the agent of Philip's exactions, and
1504 282 1592 2001 was supposed to have peculated enormously, as the
1593 281 1679 2001 money passed through his hands. Called before
1681 280 1765 2002 the princes of the blood, and closely interrogated
1769 278 1852 2009 by the brother of the late king, Charles, Count of
1859 290 1942 2000 Valois, in particular, who, in fact, governed in the
1947 276 2031 2001 name of his nephew, the accused party answered
2036 302 2118 1007 with great insolence.
2125 357 2200 1997 "Where," said the Count de Valois, "are the
2212 289 2295 1394 treasures of the late kingr?"
2300 357 2384 1998 "You shall have a good account of them," an-
2389 288 2473 1348 swered the prisoner, haughtily.
2476 355 2560 1996 "Give it me, then, instantly," answered the
2565 307 2630 544 Prince.
2651 352 2740 1995 "Since you press me to speak," replied Ma-
2742 278 2828 1995 rigny, "I have given you one half of the treasure
2826 269 2917 1994 of the late king, your brother, and, with the other
2918 281 3008 1558 half, I have paid his majesty's debts."
3009 350 3095 1729 "You lie," replied the Prince, in a rage.
3095 352 3189 1673 "You lie yourself," replied Marigny.
3172 354 3271 1987 In consequence of this intemperate and insult-
3263 263 3354 1989 ing conduct, the fallen favourite was arrested,
3350 264 3446 1979 thrown into prison, and brought to trial, when he
3457 369 3512 757 VOL. XXVII.
3453 1106 3515 1239 2 A
