2469 4042
505 319 593 2043 CHAP. XIV.] GOVERNMENT OF PHILIP III. 341
614 319 715 2062 ed her own life to save his. After the treaty of
718 326 801 2050 Tunis had been concluded, the Kings of France
808 319 891 2051 and Sicily returned to their dominions - Philip
896 319 979 2052 eager to take possession of the erown which had
984 320 1068 2057 fallen to him by inheritance, Charles desirous to
1072 322 1160 2050 secure and to enjoy that which he had obtained by
1175 353 1245 666 conquest.
1250 403 1336 2049 Philip, the third of that name, called the Hardy,
1339 318 1421 2051 seems to have been disposed to distinguish him-
1420 319 1511 2049 self by enforcing the wise laws of King Louis, his
1514 315 1597 2049 father, for preventing private wars among his vas-
1599 316 1687 2049 sals. He had soon an opportunity to show this
1690 317 1774 2049 disposition, in the manner he acted in a quarrel
1777 315 1845 2048 between the Count of Foix and some of his vassals.
1867 321 1951 2048 The King espoused the cause of the latter, and at
1955 314 2041 2059 the head of his royal forces, besieged the castle of
2044 317 2138 2049 Foix, compelled the Count to surrender, detained
2131 312 2220 2048 him a certain time in prison, and only dismissed
2224 314 2306 2047 him upon complete submission. The vigour of the
2313 314 2395 2046 government upon this occasion shows the perma-
2402 314 2483 2047 nent result of the just and firm conduct of Saint
2489 319 2575 2044 Louis. But the King's most remarkable adven-
2580 312 2664 2047 tures occurred in his own family, and were of a
2667 334 2750 1141 very distressing nature.
2754 399 2843 2042 In his return from the crusade through Italy,
2844 317 2927 2044 King Philip had the misfortune to lose his beauti-
2931 310 3020 2043 ful wife, Isabel of Aragon, who had not hesitated
3021 309 3110 2043 to follow him to the melancholy crusade in which
3109 310 3195 2041 the royal family sustained so much loss. In the
3200 311 3284 2046 course of this journey, the Queen, being then near
3286 310 3362 2040 her confinement, was thrown from her horse in
3373 311 3465 2044 crossing a river, and died in consequence. Isabel,
