2501 4042
567 381 639 1561 chap. XII.] ARMY OF PHILIP.
551 1747 622 2025 275
657 369 754 2065 Flanders should enter Paris in great pomp after
761 365 845 2063 the engagement" The allies received as propi-
848 365 924 2066 tious an oracle, which afterwards turned out to be
937 367 1023 2067 of a different and ambiguous character: they ac-
1026 370 1110 2068 cordingly advanced at the head of a numerous
1114 367 1197 2066 army, amounting, it is said, to one hundred and
1202 366 1288 2068 fifty thousand men. They assembled at Peronne,
1291 369 1366 2068 in Flanders, and moved south-westwards into
1382 405 1443 661 France.
1465 453 1551 2067 The army of Philip was not nearly so numer-
1554 367 1635 2069 ous, but was composed of the flower of the French
1639 370 1728 2068 chivalry, with the great princes of the blood royal,
1730 368 1795 2071 and such of the vassals of the crown as were not
1818 367 1902 2071 in the confederaoy. The monarch also enjoyed the
1902 368 1991 2071 advantage of the bravery and experience of a va-
1994 367 2085 2073 liant kniglt-hospitaller, called Guerin, who acted
2078 368 2169 2072 as quartermaster-general. Philip, having deter-
2172 369 2255 2073 mined to prevent the wasting of his own country
2260 370 2343 2071 by ravaging that of the enemy, directed his course
2348 371 2432 2072 towards Hainault with that purpose. But in the
2436 372 2511 2072 course of their march, the French discovered the
2525 371 2608 2071 numerous squadrons of the Emperor, on the oppo-
2614 371 2687 2072 site side of the Meuse, near Bouvines. The river
2700 373 2784 2072 was crossed by,a wooden bridge. The French
2788 370 2865 2072 noblesse on the one side, and the German on the
2878 372 2960 2073 other, rushed emulously to seize the passage. But
2965 370 3049 2073 it was occupied by the former; and the French
3054 369 3138 2074 infantry, principally the militia of the towns, passed
3140 371 3216 2072 over under the Oriflamme, or banner of Saint De-
3227 371 3304 2073 nis, and formed on the western side of the river.
3317 379 3401 2073 The King had stretched himself to repose uuder
3404 370 3490 2095 an ash-tree, when he was roused by the horsemen.
