2593 3499
199 1302 270 1432 126
370 441 449 2000 Conſt. So mag geſetzlich und erlaubt es ſein,
442 384 514 1595 Daß ich mit Rom nun eine Weile fluche!
510 386 590 1418 Ruf Amen, guter Vater Kardinal,
580 377 653 1687 Zu meinem harten Fluch denn, außer mir,
649 379 726 1709 Hat keine Zunge Macht ihm recht zu fluchen.
907 377 980 1779 So ſei es recht, daß Recht nicht Unrecht wehrt:
974 375 1050 1782 Recht gibt nicht meinem Sohn das Königreich;
1045 372 1116 1780 Denn wer das Recht beſitzt, der übt das Recht:
1114 371 1184 1728 Drum, da das Recht vollkommen Unrecht iſt,
1182 368 1257 1909 Wie kann das Recht der Zung' den Fluch verbieten?
1284 433 1362 2173 Pand. Philipp von Frankreich, auf Gefahr des Fluchs,
1355 374 1428 1692 Laß des Erzketzers Hand ſogleich Ietzt fahren,
1424 370 1499 1721 Und richte gegen ihn nun Frankreichs Macht,
1492 375 1565 1635 Wenn er nicht Rom ſich ſelber unterwirft.
1591 432 1671 2241 Eleon. Blaß, Frankreich? O zieh nicht die Hand zurück.
1679 435 1756 2139 Conſt. Sieh, Teufel, zu, daß Frankreich nicht bereue,
1748 372 1831 1680 Denn ihre Trennung nimmt dir eine Seele.
1826 434 1908 1978 Oeſter. Hör', König Philipp, auf den Kardinal.
1916 432 1993 2059 Baſt. und häng' ein Kalbfell um die feigen Glieder.
2018 429 2096 2136 Oeſter. Gut, Schurk', ich ſtecke deinen Spott jetzt ein,
2090 397 2152 639 Weil -
2176 443 2250 1586 Baſt. Eure Hoſen dazu weit genug.
2261 430 2339 2080 K. Ioh. Philipp, was ſagſt du zu dem Kardinal?
2345 433 2419 1930 Conſt. Wie ſpräch' er anders als der Kardinal?
2445 426 2525 2214 Louis. Bedenkt euch, Vater; 's iſt der Unterſchied:
2520 347 2592 1789 Hier der Erwerb des ſchweren Fluchs von Rom,
2588 363 2688 1906 Dort leichteuer Verluſt von Englands Freundſchaſt:
2655 384 2729 983 Das Klein're wählt.
2911 371 2987 1575 Dich in Geſtalt der unentweihten Braut.
