2506 3464
269 1184 332 1265 15
462 381 541 2199 „Dazu wird nicht viel Zeit bleiben,“  entgegnete Scharfen-
547 245 628 2202 klau, ,,dem wird wohl der Strick zuvorkommen. So geſchwind
632 270 711 1106 bricht ein Weiberherz nicht.“
734 380 812 2200 „Kommt drauf an von was für Stoff es iſt, Herr. - Doch
820 244 898 2203 kurz von der Sache, ich kann es nicht thun. Es iſt gegen mein Ge-
905 285 982 524 wiſſen.“
989 380 1086 2203 ,,Euer Gewiſſen, Burſche!“ ſagte Scharfenklau mit Hohn-
1091 286 1166 476 lachen.
1176 378 1254 2204 „Nun ja, Herr,“  erwiederte Ratcliffe ſehr ruhig,,,mein Ge-
1261 244 1339 2205 wiſſen. Jedermann hat eins, wenn es auch ſchwer iſt, ihm beizu-
1346 238 1422 2206 kommen. Meins iſt ſo gut außerm Schuß als der meiſten Leute
1431 242 1509 2204 ihrs; doch gehts damit wie mit der Ellbogenſpitze, manchmal kriegt
1516 251 1593 1837 man einen Stoß weg, und da ſchmerzt es eine Weile.“
1616 379 1697 2203 „Wohl, Rat, da Ihr ſo zartſinnig ſeid, will ich ſelbſt mit
1704 276 1781 683 ihr fprechen.“
1805 377 1883 2205 Wirklich ließ Scharfenklau ſich zu dem kleinen dunkeln Zimmer
1891 238 1968 2203 führen, das die unglückliche Effie jetzt bewohnte. Sie ſaß matt an-
1978 194 2059 2202 gelehnt auf ihrem Strohbettchen, in ein tiefes Träumen verloren.
2054 195 2140 2203 Einige Speiſe ſtand auf dem Tiſch, von beſſerer Art, als Gefan-
2147 239 2224 2201 gene ſie wohl ſonſt erhalten, allein ſie war unberührt. Der Ge-
2231 237 2308 2208 fängnißwärter, unter deſſen Aufſicht ſie ſtand, ſagte, daß ſie oft
2315 233 2411 2204 in vier und zwanzig Stunden nichts als einen Trunk Waſſer
2402 274 2477 491 genöſſe.
2466 379 2566 2198 Scharfenklau nahm einen Stuhl, gebot dem Schließer ſich zu
2571 238 2648 2202 entfernen, und begann das Geſpräch, indem er ſich bemühte ſeinem
2657 234 2734 2198 Ton und ſeiner Miene ſo viel Mitleidiges zu geben, als ſie füglich
2740 236 2819 2229 ausdrücken konnten; denn jener war hart und rauh, dieſe liſtig,
2823 266 2901 941 ſtreng und ſelbſtſüchtig.
2923 376 3009 2194 „„Nun Effie, wie iſts! Wie gehts, Kind!“ “ Ein tiefer Seuf-
3012 271 3086 879 zer war die Antwort.
279 1187 352 1316 103
479 404 557 2216 „Ohne ſein Wiſſen, Jeanie! - Iſt das recht - Das mußt
568 266 644 2216 Du noch einmal überlegen. - Es iſt nicht recht,“ ſagte er mit be-
644 299 728 789 ſorglicher Miene.
736 402 812 2213 „Wenn ich nur in London wäre,“   ſagte Jeanie, um ſich zu
822 264 897 2215 rechtfertigen; „ich würde ganz gewiß Mittel finden vor die Köni-
907 268 982 2004 gin zu kommen, ſie um meiner Schweſter eben zu bitten.“
991 399 1067 2211 „London! - Die Königin!- Ihrer Schweſter Leben! - Das
1077 291 1149 1028 Mädchen iſt raſend!“
1157 401 1236 2209 „Das bin ich nicht, Lord; aber nach London zu gehen bin ich
1243 259 1321 2211 entſchloſſen, und ſollte ich mich auch von Thür zu Thür hinbetteln.
1328 260 1405 2214 Und das muß ich, wenn Sie mir nicht etwas Geld zu den Reiſeko-
1414 258 1490 2213 ſten leihen. Ein Weniges nur; Sie wiſſen, mein Vater iſt ein
1500 258 1575 2212 wohlhabender Mann, und wird nicht zugeben, daß irgend jemand,
1584 270 1660 1659 am wenigſten Sie, Lord, durch mich verliere.“
1670 398 1745 2210 Kaum traute Stummendeich ſeinen Ohren, als er dieſes Ge-
1753 255 1831 2375 ſuch vernahm. Die Blicke ſtarr auf den Boden geheſtet, ſtand er
1839 282 1916 1297 da, ohne eine Sylbe zu erwiedern.
1924 404 2002 2208 „Ich ſehe, Sie wollen mir nicht helfen, Lord,“ ſagte Jeanie;
2009 262 2087 2216 „ſo leben Sie denn wohl; und beſuchen Sie meinen Vater ja recht
2095 286 2172 1302 oft; er wird jetzt ſo verlaſſen ſein.“
2177 405 2257 2211 ,,Wo will das närriſche Mädchen hin“ fagte Stummen-
2264 263 2342 2217 deich. Er nahm ſie bei der Hand. „Ich habe wohl ſchon früher
2350 266 2426 2215 daran gedacht, es blieb mir nur immer in der Kehle ſtecken,“  ſagte
2432 264 2511 2213 er zu ſich ſelbſt, während er ſie ins Haus und in ein alterthümliches
2517 263 2596 2214 Zimmer führte, deſſen Thür er hinter ſich verſchloß und verriegelte.
2603 263 2680 2218 Als Jeanie, über dieſe Maßregel verwundert, noch an der Thür
2688 265 2766 2218 ſtehen blieb, ließ der Lord ihre Hand los, und durch den Druck
2774 269 2851 2217 eines geheien Springſchloſſes in der Mauer öffnete er einen ver-
2858 269 2936 2218 borgenen Wandſchrank, in welchem ein großer eiſerner Geldkaſten
2943 272 3022 2219 ſichtbar wurde. Er that auch dieſen auf, zog zwei oder drei
3025 270 3109 2339 Schieber heraus und zeigte ihr, daß ſie lederne Beutel voll Gold
466 415 561 983 Dieſe verneinte es.
288 1199 350 1319 151
567 420 646 2240 „Aber Deine Schweſter hatte eins, - ich weiß auch was dar-
658 314 733 862 aus geworden iſt.“
718 419 817 2241 „um der göttlichen Gnade willen,“  rief Jeanie, ihrer Vor-
825 277 901 2248 ſicht vergeſſend, „ſage mir, was aus dem unglücklichen Geſchöpf
914 310 987 908 geworden, und“ -
994 418 1071 2235 Magda ſtand ſtill, ſah ſie ſtarr mit ernſtem Btick an, und brach
1078 280 1155 2239 dann in ein lautes Gelächter aus. „Ei ja doch, Mädchen, fange
1164 280 1238 2237 mich wenn Du kannſt. - Dir iſt auch leicht etwas einzureden.
1244 280 1323 2242 Wie ſollt' ich von Deiner Schweſter Kind wiſſen! Mädchen müſ-
1334 279 1409 2241 ſen nichts mit Kindern zu thun haben, bis ſie unter der Haube ſind,
1419 279 1492 2240 aber dann kommt auch alles Nachbar und Gevattervolk, und
1503 278 1578 2243 ſchmauſt, als wär es der luſtigſte Tag von der Welt. - Es heißt
1587 279 1662 2240 immer der Mädchen Kinder gedeihen wohl, doch mit meinem und
1674 279 1748 2239 Deiner Schweſter Kind iſt's nicht eingetroffen.  Aber das ſind
1758 278 1834 2240 traurige Geſchichten, ich muß nur ein wenig ſingen, damit ich
1844 280 1918 2246 wieder luſtig werde. Es iſt ein Lied, das der hübſche Georg auf
1930 279 2004 2239 mich machte, als ich einmal mit ihm nach Lockington zur Kirmes
2015 278 2088 2240 reiſte, ihn da in prächtigen Kleidern mit anderem Schauſpieler-
2099 280 2173 2240 volk ſpielen zu ſehen. Er hätte ſogar übel nicht dran gethan, mich
2183 281 2259 2239 damals zu heirathen, wie er es verſprach, er kann noch wer weiß
2269 280 2343 2238 wie weit herum ſuchen, und trifft es nicht ſo gut.  Aber das ge-
2353 310 2429 972 hört nicht zu dem Lied.
2478 494 2543 1966 Ich bin Magda des Dorfs, ich bin Magda der Stadt,
2547 495 2612 1992 Ich bin Magda, die zum Liebiren den Herrlichsten hat;
2614 500 2679 1818 Blitzt die Gnäd'ge von Schloß dort in Edelſtein,
2684 502 2749 1702 Sie kann doch ſo luſtig als Magda nicht ſen.
2779 497 2867 1863 ch bin Königin der Kirmes, ich bin Königin heut,
2871 497 2933 1937 Wo man rnnd um den Maibaum im Tanze ſich freut;
2938 504 3000 1684 Wild lodert das Feuer, und ſtrahlet ſo hell,
3004 504 3072 1800 Doch iſt's nicht ſo glanzend als ich und ſo ſchncll.
