2482 3452
466 415 561 983 Dieſe verneinte es.
288 1199 350 1319 151
567 420 646 2240 „Aber Deine Schweſter hatte eins, - ich weiß auch was dar-
658 314 733 862 aus geworden iſt.“
718 419 817 2241 „um der göttlichen Gnade willen,“  rief Jeanie, ihrer Vor-
825 277 901 2248 ſicht vergeſſend, „ſage mir, was aus dem unglücklichen Geſchöpf
914 310 987 908 geworden, und“ -
994 418 1071 2235 Magda ſtand ſtill, ſah ſie ſtarr mit ernſtem Btick an, und brach
1078 280 1155 2239 dann in ein lautes Gelächter aus. „Ei ja doch, Mädchen, fange
1164 280 1238 2237 mich wenn Du kannſt. - Dir iſt auch leicht etwas einzureden.
1244 280 1323 2242 Wie ſollt' ich von Deiner Schweſter Kind wiſſen! Mädchen müſ-
1334 279 1409 2241 ſen nichts mit Kindern zu thun haben, bis ſie unter der Haube ſind,
1419 279 1492 2240 aber dann kommt auch alles Nachbar und Gevattervolk, und
1503 278 1578 2243 ſchmauſt, als wär es der luſtigſte Tag von der Welt. - Es heißt
1587 279 1662 2240 immer der Mädchen Kinder gedeihen wohl, doch mit meinem und
1674 279 1748 2239 Deiner Schweſter Kind iſt's nicht eingetroffen.  Aber das ſind
1758 278 1834 2240 traurige Geſchichten, ich muß nur ein wenig ſingen, damit ich
1844 280 1918 2246 wieder luſtig werde. Es iſt ein Lied, das der hübſche Georg auf
1930 279 2004 2239 mich machte, als ich einmal mit ihm nach Lockington zur Kirmes
2015 278 2088 2240 reiſte, ihn da in prächtigen Kleidern mit anderem Schauſpieler-
2099 280 2173 2240 volk ſpielen zu ſehen. Er hätte ſogar übel nicht dran gethan, mich
2183 281 2259 2239 damals zu heirathen, wie er es verſprach, er kann noch wer weiß
2269 280 2343 2238 wie weit herum ſuchen, und trifft es nicht ſo gut.  Aber das ge-
2353 310 2429 972 hört nicht zu dem Lied.
2478 494 2543 1966 Ich bin Magda des Dorfs, ich bin Magda der Stadt,
2547 495 2612 1992 Ich bin Magda, die zum Liebiren den Herrlichsten hat;
2614 500 2679 1818 Blitzt die Gnäd'ge von Schloß dort in Edelſtein,
2684 502 2749 1702 Sie kann doch ſo luſtig als Magda nicht ſen.
2779 497 2867 1863 ch bin Königin der Kirmes, ich bin Königin heut,
2871 497 2933 1937 Wo man rnnd um den Maibaum im Tanze ſich freut;
2938 504 3000 1684 Wild lodert das Feuer, und ſtrahlet ſo hell,
3004 504 3072 1800 Doch iſt's nicht ſo glanzend als ich und ſo ſchncll.
