2490 3477
279 1187 352 1316 103
479 404 557 2216 „Ohne ſein Wiſſen, Jeanie! - Iſt das recht - Das mußt
568 266 644 2216 Du noch einmal überlegen. - Es iſt nicht recht,“ ſagte er mit be-
644 299 728 789 ſorglicher Miene.
736 402 812 2213 „Wenn ich nur in London wäre,“   ſagte Jeanie, um ſich zu
822 264 897 2215 rechtfertigen; „ich würde ganz gewiß Mittel finden vor die Köni-
907 268 982 2004 gin zu kommen, ſie um meiner Schweſter eben zu bitten.“
991 399 1067 2211 „London! - Die Königin!- Ihrer Schweſter Leben! - Das
1077 291 1149 1028 Mädchen iſt raſend!“
1157 401 1236 2209 „Das bin ich nicht, Lord; aber nach London zu gehen bin ich
1243 259 1321 2211 entſchloſſen, und ſollte ich mich auch von Thür zu Thür hinbetteln.
1328 260 1405 2214 Und das muß ich, wenn Sie mir nicht etwas Geld zu den Reiſeko-
1414 258 1490 2213 ſten leihen. Ein Weniges nur; Sie wiſſen, mein Vater iſt ein
1500 258 1575 2212 wohlhabender Mann, und wird nicht zugeben, daß irgend jemand,
1584 270 1660 1659 am wenigſten Sie, Lord, durch mich verliere.“
1670 398 1745 2210 Kaum traute Stummendeich ſeinen Ohren, als er dieſes Ge-
1753 255 1831 2375 ſuch vernahm. Die Blicke ſtarr auf den Boden geheſtet, ſtand er
1839 282 1916 1297 da, ohne eine Sylbe zu erwiedern.
1924 404 2002 2208 „Ich ſehe, Sie wollen mir nicht helfen, Lord,“ ſagte Jeanie;
2009 262 2087 2216 „ſo leben Sie denn wohl; und beſuchen Sie meinen Vater ja recht
2095 286 2172 1302 oft; er wird jetzt ſo verlaſſen ſein.“
2177 405 2257 2211 ,,Wo will das närriſche Mädchen hin“ fagte Stummen-
2264 263 2342 2217 deich. Er nahm ſie bei der Hand. „Ich habe wohl ſchon früher
2350 266 2426 2215 daran gedacht, es blieb mir nur immer in der Kehle ſtecken,“  ſagte
2432 264 2511 2213 er zu ſich ſelbſt, während er ſie ins Haus und in ein alterthümliches
2517 263 2596 2214 Zimmer führte, deſſen Thür er hinter ſich verſchloß und verriegelte.
2603 263 2680 2218 Als Jeanie, über dieſe Maßregel verwundert, noch an der Thür
2688 265 2766 2218 ſtehen blieb, ließ der Lord ihre Hand los, und durch den Druck
2774 269 2851 2217 eines geheien Springſchloſſes in der Mauer öffnete er einen ver-
2858 269 2936 2218 borgenen Wandſchrank, in welchem ein großer eiſerner Geldkaſten
2943 272 3022 2219 ſichtbar wurde. Er that auch dieſen auf, zog zwei oder drei
3025 270 3109 2339 Schieber heraus und zeigte ihr, daß ſie lederne Beutel voll Gold
