1834 2441
285 256 356 1724 dem Kopfe, ein reich beschnürtes Reitkleid
357 205 426 1726 angelegt und Pistolen an ihrem Sattel vor
424 255 491 1725 denselben herritt. Ma c Gillivray von
495 254 567 1722 Drummaglaſs befehligte dieses Corps in
562 249 646 1851 Felde als Obrister. Der Geist, der durch
635 254 703 1733 diese tapfere Amazone rege gemacht ward,
706 254 772 1728 forderte jegliche Hoflichkeitsbezeugung von
775 254 843 1724 Seiten des Prinzen, und die eines Besuches
839 254 899 1729 auf ihrem Schlosse ward für die schmeichel-
915 276 981 819 hafteste gehalten.
982 333 1036 1726 Charles Edward lebte dort in vollkommener
1052 255 1107 1727 Sicherheit und hatte nicht mehr als dreihun-
1122 258 1190 1726 dert Mann um seine Person, als Lord Loudon
1192 258 1258 1724 einen kühnen Versuch machte, den Bürger-
1261 258 1327 1731 krieg dadurch zu Ende zu bringen, daſs er
1330 259 1397 1731 den Abentheurer gefangen nähme. Zu diesem
1399 258 1464 1735 Zwecke wollte er sich hauptsächlich der
1469 258 1537 1740 Hochländer vom Clan Mac Leods bedienen,
1472 256 1615 1848 die wohl geeignet waren, eine hurtige und
1607 257 1680 1848 geheime Unternehmung auszuführen. Mehrere
1675 259 1744 1736 Freiwillige folgten ihnen. Es ist erzählt
1744 258 1815 1737 worden, Lady Mac Intosh habe geheime Kun-
1813 260 1883 1732 de von diesem Vorhaben gehabt; auf jeden
1884 258 1953 1734 Fall hatte sie den Grobschmied des Clans,
1952 263 2019 1736 eine Person, die bei jedem hochschottischen
2022 262 2093 1738 Stamme von einiger Wichtigkelt ist, mit
2092 263 2164 1740 etlichen Begleitern vermogt, zwischen Inver-
2162 262 2229 1738 nels und Schlofs Moy zu patrouilliren. In
2229 263 2310 1741 der Nacht vom 16. Februar stieſs dieser tück-
