1866 2471
141 361 188 426 64
656 495 744 1612 Drei und zwanzigstes Kapitel.
840 376 906 1781 Rückzug der Armee des Prinzen Karl von
899 433 962 1783 Stirling in die Hochlande. - Verwirrung bei
955 429 1022 1779 Schloſs Moy. - Ankunft hessischer Truppen
1014 429 1076 1779 Zum Beistande der Regierung. - Berathung
1072 429 1131 1777 des Herzogs von Cumberland und des Prin-
1127 428 1189 1864 zen von Hessen-Cassel zu Edinburgh.-
1179 427 1253 1864 Karl's getäuschte Hoffnungen in Bezug auf
1242 430 1308 1858 den Beistand Frankreichs. - Lord George
1300 429 1365 1853 Murray nimmt die Militärposten in Athole.
1352 429 1422 1853 - Er bedrängt Schloſs Blair, muſs jedoch
1412 429 1481 1855 aus Mangel an hinlänglicher Mannschaft die
1469 425 1539 1857 Belagerung aufgeben. - Des Prinzen Arg-
1525 422 1700 1860 wohn gegen die Treue des Lords George Murr-
1606 453 1651 569 ray.
1759 306 1849 1872 Die Insurgenten ärnteten aus der Schlacht
1989 309 2054 1757 deutliche Verwirrung ihrer eigenen Leute
2058 306 2129 1759 und ihre daraus erfolgende Unwissenheit über
2126 304 2194 1759 die eigentliche Lage des Feindes, hinderte
2194 303 2264 1757 sie, den Truppen Hawley's nachzusetzen, die
2348 1742 2385 1823 .
