1949 2458
148 389 232 573 132
266 356 345 1960 birge zieht sich ein Theil der vom Marschall
336 359 417 1955 Wade angelegten Militärstraſse hin, die im
405 360 485 1948 Zickzack über den Berg in langsamen und all-
621 347 697 1950 men würde. Die vielen aufeinanderfolgenden
689 367 759 1831 Abschrägungen und Windungen am Bergrük-
759 367 832 1970 ken, dessen übrige Theile fast unzugänglich
802 363 917 1973 sind, führen den passenden Namen der T e u-
898 365 965 1969 f e l s t r e p p e. Die Seite des Berges, auſser
966 366 1050 1970 da, wo sich diese ihr eingeschnittene Zugangs-
1036 369 1139 1969 linie befindet, ist unersteigbar und selbst der
1101 371 1179 1825 angelegte Weg wird oft von tiefen Bergwas-
1173 368 1273 1966 sern und Waldströmen durchschnitten, über
1243 376 1341 1964 welche Brücken führen, die in kurzer Zeit
1313 368 1402 1964 abgebrochen werden können, und da sie von
1383 372 1480 1962 Felsblöcken und Dickigen umgeben sind, un-
1453 373 1541 1961 zählbare Punkte darbieten, um Scharfschützen
1523 374 1612 1960 und Streifzüglern zum Hinterhalte zu dienen.
1592 375 1681 1959 Der Chevalier eilte, die Nordseite hinanzu-
1660 377 1728 1834 steigen und sich der Spitze des Berges zu be-
1730 376 1795 1833 mächtigen, der alle Eigenschaften einer Ve-
1797 375 1875 1956 stung hat, indem jeder Weg darüber als
1866 376 1956 1956 Laufgraben dient. Er zeigte frohe Hoffnung
1935 374 2005 1955 und hohen Muth, und sagte, während er ein
1987 376 2090 1954 Paar neue hochländische Holzschuhe anlegte, mit
2073 376 2143 1953 vieler Muterkeit: „Bevor ich sie wieder aus-
2128 376 2212 1952 ziehe, will ich mit dem General Cope fechten.“
2209 363 2467 1951 Er erwartete, den General um ein Uhr zu treffen.
