1960 2466
284 332 366 1790 gen hörte er es, daſs der Feind anrückte.
366 321 437 1793 Er weilte etliche Tage zu Auchnacarrie, im
435 332 503 1790 Hause Lochiel's; und als er bemerkte, wie
504 332 574 1789 ungern die Hochlnder Gepäck mitschleppten
573 332 642 1790 und es doch unmöglich war, Pferde aufzu-
642 328 714 1985 treiben, liefs er eine Menge Schanzgräberge-
713 326 781 1984 räth und Donnerbüchsen zurück, weil dadurch
781 328 864 1983 der Marsch der Mannschaft nur beschwerli-
850 329 933 1981 cher gemacht ward. Mittlerweile stieſsen
921 329 1003 1980 folgende Clans zu ihm: Mac Donald von
987 326 1082 1977 Glencon, die 150 Mann stark waren; die
1126 332 1195 1789 Mann; Keppoch mit 300 M'Donalds;")
1272 385 1349 1972 *) Keppoch, heiſst es, würde mehr Mannschaft
1330 441 1428 1969 in's Feld gestellt haben, allein es waltete ein
1388 444 1448 1793 kleiner Zwiespalt zwischen ihm und seinem
1422 443 1496 1968 Clan ob - ein seltener Umstand an sich selbst
1484 440 1565 1967 und um so ungewöhnlicher, da er über einen
1559 440 1620 1966 religiösen Punkt entstanden war. Keppoch
1616 443 1688 1965 war Protestant seine Clansmänner waren Ka-
1669 444 1729 1796 tholiken  - ein Unterschied, der keine Zwie-
1724 444 1784 1796 tracht unter ihnen erregt haben würde, wenn
1779 441 1841 1962 Keppoch hätte erlauben wollen, daſs der Prie-
1837 440 1907 1961 ster seine Gemeinde auf dem Marsche beglei-
1889 443 1965 1960 tet hätte. Allein der Häuptling wollte dies
1944 441 2034 1958 nicht. So fühlte der Clan sich beleidigt, so
2001 448 2069 1800 daſs sie in geringerer Anzahl auszogen, als
2051 445 2123 1957 sonst geschehen seyn würde, da er, und zwar
2114 445 2184 1955 verdientermaaſsen, herzlich von ihnen geliebt
2170 475 2216 624 ward.
2221 1180 2289 1718 Anm. d. Autors.
148 362 200 432 82
254 333 327 1772 ten, die demjenigen hochst vortheilhaft seyn
324 333 394 1780 muſsten, der sich anschickte, der Wiederher-
391 336 454 1779 steller einer uralten Dynastie zu werden.
458 337 521 1778 Andrerseits war seine Erziehung in gewissen
528 337 596 1780 Puncten, die zum Gelingen seines Unterneh-
594 337 662 1782 mens überaus wichtig waren, im höchsten
665 355 726 1253 Grade vernachläſsigt worden.
729 415 800 1927 Anstatt von denen, die seine Bildung lei-
800 341 867 1785 teten, mit den Rechten und der Verfassung
867 342 929 1922 der engländischen Nation bekannt gemacht
936 343 1011 1926 zu werden, war man bemüiht gewesen, ihn
999 344 1073 1925 in jenen absurden, verwerflichen, übertriebe-
1068 343 1143 1925 nen und veralteten Lehrmeynungen über
1137 346 1212 1918 das göttliche Erbrecht und passiven Gehor-
1206 347 1282 1918 sam aufzuerziehen, woraus sich die Irrthü-
1275 345 1350 1922 mer und das Miſsgeschick der Regierung sei-
1343 345 1419 1921 nes Ahnherrn Jacobs II von England herge-
1409 343 1485 1920 leitet hatten. Auch war er streng in der ka-
1479 346 1554 1920 tholischen Kirche erzogen worden, welches
1546 351 1623 1919 so nachtheilig für seinen Groſsvater gewesen
1613 345 1678 1918 war; so also ward er der britischen Nation
1679 349 1763 1917 ohne alle Abänderung oder Abweichung von
1740 344 1834 1916 jenen falschen Grundsätzen über Kirche und
1813 350 1899 1915 Staat vorgestellt, die sich denen so nachthei-
1875 349 1971 1915 lig ergaben, die er seine Unterthanen nannte,
1945 348 2028 1913 und die seinem Vorfahren einen Thron ge-
2010 347 2105 1913 kostet hatten. Es war eine natürliche Folge
2079 348 2163 1913 der hohen Begriffe von königlichen Vorrech-
2146 344 2244 1911 ten, die ihm eingeimpft worden waren, ob
174 274 226 383 220
275 238 355 1701 ren, hatte die allgemeine Civilisation Brita-
355 237 422 1698 taniens solchen Einfluſs gehabt, daſs sie nicht
424 237 478 1696 nur dem Miſsbrauch ihrer Gewalt über ihre
490 239 556 1696 Clansmänner abhold, sondern sowohl aus Po-
559 236 627 1797 litik wie aus höheren Beweggründen geneigt
622 232 698 1799 waren, ihre Vasallen von frechen Gewohn-
689 231 770 1799 heiten abzubringen, Rohes und Wildes unter
764 238 837 1800 denselben auszurotten und das auszubilden,
832 235 901 1803 was sich an ehrenvollen und edlen Regungen
1035 234 1095 1802 nie auf eine für die Menschheit so wohthä-
1102 238 1175 1685 tige Weise in Anwendung gebracht ward, als
1171 237 1239 1798 zu der Zeit, wo es von den Ursachen er-
1238 239 1307 1688 schüttert wurde, durch welche es endlich sei-
1308 239 1374 1686 ner Auflösung hingegeben werden muſste. Aus
1374 238 1442 1801 diesem Gesichtspunkte glich es dem Holze
1444 235 1513 1690 gewisser Bäume, welches dann erst dem Kunst-
1511 245 1579 1684 arbeiter ein schönes Material liefert, wenn
1580 243 1645 1683 es die Berührung des Verfalls empfunden hat.
1645 318 1713 1680 Aus diesen und andern Gründen gewährt
1715 241 1781 1679 der Ueberblick, den wir auf das System des
1784 239 1849 1800 Clanswesens, so wie es zur Zeit der vorher-
1849 236 1917 1681 gehenden Generation war, warfen, denselben
1915 237 1978 1679 Anblick, den eine hochländische Landschaft dar-
1984 238 2045 1682 bietet, wenn sie durch die Tinten eines milden
2048 238 2106 1679 Sommerabends verschönt wird. An solchem
2112 237 2187 1681 Abend werden die fernen Höhen, Seen, Wälder
2177 239 2255 1678 und Klüfte durch das Erglühen der Atmosphäre
285 256 356 1724 dem Kopfe, ein reich beschnürtes Reitkleid
357 205 426 1726 angelegt und Pistolen an ihrem Sattel vor
424 255 491 1725 denselben herritt. Ma c Gillivray von
495 254 567 1722 Drummaglaſs befehligte dieses Corps in
562 249 646 1851 Felde als Obrister. Der Geist, der durch
635 254 703 1733 diese tapfere Amazone rege gemacht ward,
706 254 772 1728 forderte jegliche Hoflichkeitsbezeugung von
775 254 843 1724 Seiten des Prinzen, und die eines Besuches
839 254 899 1729 auf ihrem Schlosse ward für die schmeichel-
915 276 981 819 hafteste gehalten.
982 333 1036 1726 Charles Edward lebte dort in vollkommener
1052 255 1107 1727 Sicherheit und hatte nicht mehr als dreihun-
1122 258 1190 1726 dert Mann um seine Person, als Lord Loudon
1192 258 1258 1724 einen kühnen Versuch machte, den Bürger-
1261 258 1327 1731 krieg dadurch zu Ende zu bringen, daſs er
1330 259 1397 1731 den Abentheurer gefangen nähme. Zu diesem
1399 258 1464 1735 Zwecke wollte er sich hauptsächlich der
1469 258 1537 1740 Hochländer vom Clan Mac Leods bedienen,
1472 256 1615 1848 die wohl geeignet waren, eine hurtige und
1607 257 1680 1848 geheime Unternehmung auszuführen. Mehrere
1675 259 1744 1736 Freiwillige folgten ihnen. Es ist erzählt
1744 258 1815 1737 worden, Lady Mac Intosh habe geheime Kun-
1813 260 1883 1732 de von diesem Vorhaben gehabt; auf jeden
1884 258 1953 1734 Fall hatte sie den Grobschmied des Clans,
1952 263 2019 1736 eine Person, die bei jedem hochschottischen
2022 262 2093 1738 Stamme von einiger Wichtigkelt ist, mit
2092 263 2164 1740 etlichen Begleitern vermogt, zwischen Inver-
2162 262 2229 1738 nels und Schlofs Moy zu patrouilliren. In
2229 263 2310 1741 der Nacht vom 16. Februar stieſs dieser tück-
244 61 314 1500 mehr zur Aufklärung des Landes beitrug, als
315 60 376 1500 solches je von irgend einem Fürsten bewirkt
383 16 451 1503 worden war, der in oder über Schottland re-
452 90 515 266 gierte.
519 128 588 1493 Während Marschall Wade beschäftigt war,
587 64 650 1488 die Hochlande zu beruhigen, und sie der Mi-
656 58 725 1494 litärmacht zugänglich zu machen, brach in
726 60 792 1493 dem Flachlande ein Miſsvergnügen aus, wel-
794 1359 844 1461 Die
793 65 862 1308 ches mit gefährlichen Folgen drohete.
857 59 928 1492 Regierung hatte Lust bekommen, die Ein-
929 58 988 1496 künfte Schottlands zu einer Quelle der Re-
1000 60 1062 1491 venüen des öffentlichen Schatzes zu machen,
1067 56 1132 1615 da sie bisher kaum hinreichend gewesen wa-
1136 57 1201 1490 ren, die öffentlichen Anstalten des Königrei-
1205 60 1266 1491 ches aufrecht zu erhalten und die Truppen
1272 56 1339 1492 zu besolden, die dort nothwendiger Weise
1338 57 1404 1491 der öffentlichen Ruhe wegen einquartiert wer-
1407 57 1468 1492 den muſsten. So war ein Surplus der Ein-
1473 54 1529 1492 künfte wünschenswerth und die Jacobiten
1542 55 1610 1492 sprengten neidisch aus, daſs der unmittelbare
1612 54 1679 1492 Zweck nichts anders wäre, als Gelder in
1680 53 1746 1490 Schottland aufzutreiben, um eine Ausgabe von
1747 51 1815 1489 etwa zehn Guineen wöchentlich zu bestreiten,
1815 52 1882 1486 die jedem Nord-Britischen Parlamentsgliede
1887 52 1953 1485 zur Deckung der Kosten seines Aufenthaltes
1949 51 2021 1487 in London bewilligt woren waren. Diese
2021 51 2088 1488 Ausgahe war bisher der allgemeinen Revenüe
2087 4 2158 1486 auferlegt worden; allein jetzt, sagten die Ja-
2148 4 2240 1494 cobiten, wurden die schottischen Mitglieder
2240 36 2319 263 257.
141 361 188 426 64
656 495 744 1612 Drei und zwanzigstes Kapitel.
840 376 906 1781 Rückzug der Armee des Prinzen Karl von
899 433 962 1783 Stirling in die Hochlande. - Verwirrung bei
955 429 1022 1779 Schloſs Moy. - Ankunft hessischer Truppen
1014 429 1076 1779 Zum Beistande der Regierung. - Berathung
1072 429 1131 1777 des Herzogs von Cumberland und des Prin-
1127 428 1189 1864 zen von Hessen-Cassel zu Edinburgh.-
1179 427 1253 1864 Karl's getäuschte Hoffnungen in Bezug auf
1242 430 1308 1858 den Beistand Frankreichs. - Lord George
1300 429 1365 1853 Murray nimmt die Militärposten in Athole.
1352 429 1422 1853 - Er bedrängt Schloſs Blair, muſs jedoch
1412 429 1481 1855 aus Mangel an hinlänglicher Mannschaft die
1469 425 1539 1857 Belagerung aufgeben. - Des Prinzen Arg-
1525 422 1700 1860 wohn gegen die Treue des Lords George Murr-
1606 453 1651 569 ray.
1759 306 1849 1872 Die Insurgenten ärnteten aus der Schlacht
1989 309 2054 1757 deutliche Verwirrung ihrer eigenen Leute
2058 306 2129 1759 und ihre daraus erfolgende Unwissenheit über
2126 304 2194 1759 die eigentliche Lage des Feindes, hinderte
2194 303 2264 1757 sie, den Truppen Hawley's nachzusetzen, die
2348 1742 2385 1823 .
148 389 232 573 132
266 356 345 1960 birge zieht sich ein Theil der vom Marschall
336 359 417 1955 Wade angelegten Militärstraſse hin, die im
405 360 485 1948 Zickzack über den Berg in langsamen und all-
621 347 697 1950 men würde. Die vielen aufeinanderfolgenden
689 367 759 1831 Abschrägungen und Windungen am Bergrük-
759 367 832 1970 ken, dessen übrige Theile fast unzugänglich
802 363 917 1973 sind, führen den passenden Namen der T e u-
898 365 965 1969 f e l s t r e p p e. Die Seite des Berges, auſser
966 366 1050 1970 da, wo sich diese ihr eingeschnittene Zugangs-
1036 369 1139 1969 linie befindet, ist unersteigbar und selbst der
1101 371 1179 1825 angelegte Weg wird oft von tiefen Bergwas-
1173 368 1273 1966 sern und Waldströmen durchschnitten, über
1243 376 1341 1964 welche Brücken führen, die in kurzer Zeit
1313 368 1402 1964 abgebrochen werden können, und da sie von
1383 372 1480 1962 Felsblöcken und Dickigen umgeben sind, un-
1453 373 1541 1961 zählbare Punkte darbieten, um Scharfschützen
1523 374 1612 1960 und Streifzüglern zum Hinterhalte zu dienen.
1592 375 1681 1959 Der Chevalier eilte, die Nordseite hinanzu-
1660 377 1728 1834 steigen und sich der Spitze des Berges zu be-
1730 376 1795 1833 mächtigen, der alle Eigenschaften einer Ve-
1797 375 1875 1956 stung hat, indem jeder Weg darüber als
1866 376 1956 1956 Laufgraben dient. Er zeigte frohe Hoffnung
1935 374 2005 1955 und hohen Muth, und sagte, während er ein
1987 376 2090 1954 Paar neue hochländische Holzschuhe anlegte, mit
2073 376 2143 1953 vieler Muterkeit: „Bevor ich sie wieder aus-
2128 376 2212 1952 ziehe, will ich mit dem General Cope fechten.“
2209 363 2467 1951 Er erwartete, den General um ein Uhr zu treffen.
163 314 218 426 256
273 283 339 1742 und der tapfere Maire derselben diese Zurü-
344 283 412 1741 stung sahen, wünschten sie zu capitulieren.
414 285 479 1740 Der Herzog von Perth weigerte sich, ihre Un-
483 283 551 1740 terwerfung eher anzunehmen, als bis das Ca-
553 285 620 1737 stell sich ergehen hätte, gestattete ihnen je-
623 283 689 1739 doch genügende Frist zum Entschlusse zu
693 283 759 1740 kommen. Die Folge war, daſs so Stadt wie
761 285 826 1740 Citadelle übergingen, wiewohl unter der Be-
829 284 901 1740 dingungn, daſs die Privilegien der Gemeinden
896 283 971 1740 respectirt und der Besatzung, die gröſsten-
966 284 1034 1740 theils aus Miliz bestand, gestattet werden
1036 284 1106 1737 sollte, abzumarschiren, nachdem sie Waffen
1107 281 1172 1736 und Pferde abgegeben und sich verpflichtet
1176 281 1242 1738 haben würde, binnen einem Zeitraume von
1244 280 1311 1741 zwölf Monden nicht gegen den Chevalier zu
1316 281 1378 1742 dienen. Diese Capitulation warad von dem
1385 281 1464 1743 Herzoge von Perth und dem Obersten Du-
1454 280 1520 1744 rand unterzeichnet, dessen Vertheidigung doch
1524 284 1591 1745 wohl nur kümmerlich gewesen seyn muſs, in-
1593 283 1658 1742 dem während der kurzen Belagerung von den
1661 282 1729 1742 Angreifern nur Ein Mann getödtet und Ei-
1729 302 1781 958 ner verwundet ward.
1799 355 1853 1744 Am 17. November hielt der Prinz selbst
1863 284 1935 1742 einen triumphirenden Einzug in Carlisle. Die
1934 283 2002 1748 Einwohner, welche keine Liebe zu seiner Sa-
2004 283 2075 1749 che hegten, empfingen ihn kalt, doch konn-
2072 282 2146 1747 ten sie nicht umhin, ein Gefühl von Artig-
2139 283 2213 1750 keit auszudrücken, daſs sie so gut von dem
2209 280 2287 1752 Herzoge von Perth behandelt worden waren,
2273 276 2393 1870 der sich groſsmüthig und herablassend gegen
