1902 2448
148 362 200 432 82
254 333 327 1772 ten, die demjenigen hochst vortheilhaft seyn
324 333 394 1780 muſsten, der sich anschickte, der Wiederher-
391 336 454 1779 steller einer uralten Dynastie zu werden.
458 337 521 1778 Andrerseits war seine Erziehung in gewissen
528 337 596 1780 Puncten, die zum Gelingen seines Unterneh-
594 337 662 1782 mens überaus wichtig waren, im höchsten
665 355 726 1253 Grade vernachläſsigt worden.
729 415 800 1927 Anstatt von denen, die seine Bildung lei-
800 341 867 1785 teten, mit den Rechten und der Verfassung
867 342 929 1922 der engländischen Nation bekannt gemacht
936 343 1011 1926 zu werden, war man bemüiht gewesen, ihn
999 344 1073 1925 in jenen absurden, verwerflichen, übertriebe-
1068 343 1143 1925 nen und veralteten Lehrmeynungen über
1137 346 1212 1918 das göttliche Erbrecht und passiven Gehor-
1206 347 1282 1918 sam aufzuerziehen, woraus sich die Irrthü-
1275 345 1350 1922 mer und das Miſsgeschick der Regierung sei-
1343 345 1419 1921 nes Ahnherrn Jacobs II von England herge-
1409 343 1485 1920 leitet hatten. Auch war er streng in der ka-
1479 346 1554 1920 tholischen Kirche erzogen worden, welches
1546 351 1623 1919 so nachtheilig für seinen Groſsvater gewesen
1613 345 1678 1918 war; so also ward er der britischen Nation
1679 349 1763 1917 ohne alle Abänderung oder Abweichung von
1740 344 1834 1916 jenen falschen Grundsätzen über Kirche und
1813 350 1899 1915 Staat vorgestellt, die sich denen so nachthei-
1875 349 1971 1915 lig ergaben, die er seine Unterthanen nannte,
1945 348 2028 1913 und die seinem Vorfahren einen Thron ge-
2010 347 2105 1913 kostet hatten. Es war eine natürliche Folge
2079 348 2163 1913 der hohen Begriffe von königlichen Vorrech-
2146 344 2244 1911 ten, die ihm eingeimpft worden waren, ob
