1960 2466
284 332 366 1790 gen hörte er es, daſs der Feind anrückte.
366 321 437 1793 Er weilte etliche Tage zu Auchnacarrie, im
435 332 503 1790 Hause Lochiel's; und als er bemerkte, wie
504 332 574 1789 ungern die Hochlnder Gepäck mitschleppten
573 332 642 1790 und es doch unmöglich war, Pferde aufzu-
642 328 714 1985 treiben, liefs er eine Menge Schanzgräberge-
713 326 781 1984 räth und Donnerbüchsen zurück, weil dadurch
781 328 864 1983 der Marsch der Mannschaft nur beschwerli-
850 329 933 1981 cher gemacht ward. Mittlerweile stieſsen
921 329 1003 1980 folgende Clans zu ihm: Mac Donald von
987 326 1082 1977 Glencon, die 150 Mann stark waren; die
1126 332 1195 1789 Mann; Keppoch mit 300 M'Donalds;")
1272 385 1349 1972 *) Keppoch, heiſst es, würde mehr Mannschaft
1330 441 1428 1969 in's Feld gestellt haben, allein es waltete ein
1388 444 1448 1793 kleiner Zwiespalt zwischen ihm und seinem
1422 443 1496 1968 Clan ob - ein seltener Umstand an sich selbst
1484 440 1565 1967 und um so ungewöhnlicher, da er über einen
1559 440 1620 1966 religiösen Punkt entstanden war. Keppoch
1616 443 1688 1965 war Protestant seine Clansmänner waren Ka-
1669 444 1729 1796 tholiken  - ein Unterschied, der keine Zwie-
1724 444 1784 1796 tracht unter ihnen erregt haben würde, wenn
1779 441 1841 1962 Keppoch hätte erlauben wollen, daſs der Prie-
1837 440 1907 1961 ster seine Gemeinde auf dem Marsche beglei-
1889 443 1965 1960 tet hätte. Allein der Häuptling wollte dies
1944 441 2034 1958 nicht. So fühlte der Clan sich beleidigt, so
2001 448 2069 1800 daſs sie in geringerer Anzahl auszogen, als
2051 445 2123 1957 sonst geschehen seyn würde, da er, und zwar
2114 445 2184 1955 verdientermaaſsen, herzlich von ihnen geliebt
2170 475 2216 624 ward.
2221 1180 2289 1718 Anm. d. Autors.
