1888 2432
163 314 218 426 256
273 283 339 1742 und der tapfere Maire derselben diese Zurü-
344 283 412 1741 stung sahen, wünschten sie zu capitulieren.
414 285 479 1740 Der Herzog von Perth weigerte sich, ihre Un-
483 283 551 1740 terwerfung eher anzunehmen, als bis das Ca-
553 285 620 1737 stell sich ergehen hätte, gestattete ihnen je-
623 283 689 1739 doch genügende Frist zum Entschlusse zu
693 283 759 1740 kommen. Die Folge war, daſs so Stadt wie
761 285 826 1740 Citadelle übergingen, wiewohl unter der Be-
829 284 901 1740 dingungn, daſs die Privilegien der Gemeinden
896 283 971 1740 respectirt und der Besatzung, die gröſsten-
966 284 1034 1740 theils aus Miliz bestand, gestattet werden
1036 284 1106 1737 sollte, abzumarschiren, nachdem sie Waffen
1107 281 1172 1736 und Pferde abgegeben und sich verpflichtet
1176 281 1242 1738 haben würde, binnen einem Zeitraume von
1244 280 1311 1741 zwölf Monden nicht gegen den Chevalier zu
1316 281 1378 1742 dienen. Diese Capitulation warad von dem
1385 281 1464 1743 Herzoge von Perth und dem Obersten Du-
1454 280 1520 1744 rand unterzeichnet, dessen Vertheidigung doch
1524 284 1591 1745 wohl nur kümmerlich gewesen seyn muſs, in-
1593 283 1658 1742 dem während der kurzen Belagerung von den
1661 282 1729 1742 Angreifern nur Ein Mann getödtet und Ei-
1729 302 1781 958 ner verwundet ward.
1799 355 1853 1744 Am 17. November hielt der Prinz selbst
1863 284 1935 1742 einen triumphirenden Einzug in Carlisle. Die
1934 283 2002 1748 Einwohner, welche keine Liebe zu seiner Sa-
2004 283 2075 1749 che hegten, empfingen ihn kalt, doch konn-
2072 282 2146 1747 ten sie nicht umhin, ein Gefühl von Artig-
2139 283 2213 1750 keit auszudrücken, daſs sie so gut von dem
2209 280 2287 1752 Herzoge von Perth behandelt worden waren,
2273 276 2393 1870 der sich groſsmüthig und herablassend gegen
