2565 3518
211 1313 311 1448 234
405 374 488 1782 Gibt er dein Herrſcheranſehn ſich, und wie
480 377 558 1643 Ein eitler Spieler - deſſen ganzer Witz
546 372 626 1787 Im Kniebug liegt, und der ein Gott ſich dünkt,
614 373 694 1687 Hört er das hölzerne Geſpräch, den Klang
686 372 762 1716 Des ſteifen Fußes auf der Breterbühne: -
754 328 830 1723 Mit ſolch erbärmlichem, geſchraubtem Weſen
824 376 899 1578 Agirt er deine Größe: wann er ſpricht,
887 368 968 1817 Klingt's wie geſprungne Glocken, ſo unſchicklich,
959 364 1041 1965 Daß, käm's von Tvphon's Mund', des brüllenden,
1028 373 1105 1751 Es doch Hyperbel ſchien. Bei ſolchem Zeug,
1096 370 1170 1737 Streckt breit auf's Polſterbett ſich dann Achill
1165 368 1239 1836 Und lacht aus tiefer Bruſt ihm lauten Beifall,
1235 360 1310 2194 Ruft : Trefflich! 's iſt der ganze Agamemnon. -
1298 357 1378 2366 Nun ſpiel' mir Neſtor; - ſtreich den Bart dir räus-
1375 1649 1446 1883 pernd,
1421 367 1517 2005 Wie einer, der ſich anſchickt zu 'ner Rede.
1509 373 1587 1705 Er thut es - ſo genau, wie Nord und Süd
1580 369 1662 1791 Sich gleicht und wie Vulkanus ſeiner Frau; -
1618 363 1724 2023 Doch ſchreit Achill, der gute, immer: Herrlich!
1715 354 1793 2477 's iſt Neſtor ganz! Nun ſpiel' ihn mir, Patroklus,
1783 359 1860 2330 Wie er bei nächt'gem Lärm zur Wehr ſich rüſtet.
1854 362 1930 1920 Dann dient, o Schimpf! des Alters ſchwache Kraft
1921 372 1997 1661 Zum Lachen gar. Er huſtet, räuspert ſich,
1991 370 2066 1630 und linkiſch tappend an des Panzers Hals
2059 363 2139 2022 Schiebt auf und zu die Schnall er: - Bei dem Spaß
2128 366 2205 1900 Erſtickt Sir Muth vor Lachen, ruft: Genug!
2170 359 2273 2093 Gib Rippen mir von Stahl, ich berſte ſonst
2268 361 2341 1885 Vor großer Luſt! - Auf dieſe Art muß nun
2333 371 2410 1519 All unſre Fähigkeit, Gab' und Natur,
2402 373 2476 1486 Geſtalt, verſchiedenartiges Verdienſt,
2472 367 2547 1659 Vorzug, Anſchlag, Maßregel, Vorbedacht,
2538 366 2614 1754 Aufruf in's Feld und Rede für den Stillſtand,
2608 367 2683 1756 Gewinn, Verluſt, was nicht iſt und was iſt,
2674 370 2753 1598 Für ſie den Stoff zu Albernheiten geben.
2743 428 2821 2030 Neſtor. Und von der Nachahmung der Beiden ſind
2811 372 2890 1632 (Die, wie Ulyſſes ſagt, die Meinung krönt
2879 368 2958 1687 Mit Herrſcherton,) ſo Manche noch befleckt.
2949 369 3027 1620 Ajax ward eigenwillig, bäumt ſein Haupt
191 1214 294 1562 238
371 366 471 1945 Iſt einer drum verliebt, war's, will's noch ſein,
461 368 540 1813 Der ſicht mit Hektor, ſonſt - ſtell ich mich ein.
546 424 644 2293 Neſtor. Sag' ihm vor Neſtor, der ein Mann war, als
614 367 692 1841 Sein Aeltervater Säugling - (er iſt alt nun) -
679 369 768 1657 Doch findet ſich in unſerm griech'ſchen Heer
754 369 832 1650 Kein edler Mann, der in ſich Feuer fühlt
823 364 899 1812 Zu kämpfen für ſein Lieb, ſag' ihm von mir: -
892 367 967 1663 Den Silberbart berg' ich in goldnem Helm,
959 368 1033 1518 In Eiſenſchienen dieſen welken Arm,
1024 358 1104 1914 und treff ich ihn, ſag' ich: mein Weib war ſchöner,
1094 365 1173 1560 Als ſeine Aeltermutter, keuſcher als
1165 369 1240 1417 Je eine: gegen ſeinen Jugendmuth
1407 449 1482 939 Ulyſſ. Amen.
1492 420 1582 1971 Agamem. Edler Aeneas, reich' mir deine Hand;
1561 213 1636 1623 Ich führ' dich, Herr, in meinen Pavillon.
1615 213 1710 1511 Achill ſoll hören, was ihr habt beſtellt,
1699 356 1775 1627 Wie jeder griech'ſche Herr von Zelt zu Zelt.
1768 351 1842 1720 Du ſelbſt ſollſt, eh' du geheſt, mit uns ſpeiſen
1833 351 1912 1661 Und uns als edler Feind willkommen heißen.
1993 436 2066 1049 Ulyſſ. Neſtor, -
2079 426 2153 1334 Neſtor. Was ſagt Ulyſſes?
1921 1293 1990 2250 (Alle außer Ulyſſes und Neſtor gehen.
2163 417 2240 1799 Ulyſſ. Ich hab' eine Idee in meinem Hirn,
2233 351 2309 1562 Sei du die Zeit, die ſie zur Reife bringt.
2316 432 2399 1090 Neſtor. Was iſt's?
2393 432 2481 905 Ulyſſ. Dies:
2474 339 2551 1884 Ein ſtumpfer Keil ſprengt harten Klotz: den Stolz,
2544 339 2619 1755 Den Stolz, der ſchnell emporgereift im üppigen
2611 344 2685 1503 Achill, muß man abpflücken jetzo, oder
2681 340 2756 1669 Er wird, beſamt, viel gleiches Uebel zeugen,
2920 344 2995 2031 Ulyſſ. Der Vorſchlag, den der wackre Hektor ſchickt,
212 1285 283 1420 240
359 332 455 1811 D'rum eben darf Achill nicht mit ihm ſtreiten.
450 329 525 2037 Laß, gleich dem Kaufmann, ſchlechtre Waar' uns zeigen,
520 339 594 1656 und denken, vielleicht geht ſie ab; wo nicht,
588 343 661 1551 Gewinnt der Glanz der beſſeren dadurch,
655 339 731 1792 Daß man die ſchlecht' erſt zeigte. Leid' es nicht,
723 345 800 1557 Daß jemals Hektor mit Achilles kämpft;
793 340 867 1755 Denn beides unſre Ehr' und Schmach wird hier
863 346 937 1595 Gejagt von zwei verderblichen Verfolgern.
937 403 1046 2218 Neſtor. Mein altes Auge ſieht ſie nicht, wer ſind ſie?
1026 405 1106 2209 Ulyſſ. Den Ruhm, den ſich Achill erwirbt von Hektor,
1100 353 1175 1598 Wär' er nicht stolz, wir theilten alle ihn:
1167 354 1242 1498 Jedoch bereits iſt er zu hochmuthsvoll;
1236 349 1312 1690 und lieber möcht' uns Lybiens Sonne ſengen,
1306 347 1382 1767 Als Stolz und bittrer Hohn aus ſeinem Blick,
1375 344 1450 2070 Käm' heil von Hektor er;- würd' er beſiegt,
1444 358 1518 1474 Verdürben wir uns unſern guten Ruf
1512 346 1586 1945 Durch unſers Beſten Schmach. Nein, laß ſie looſen,
1581 356 1656 1697 Und laß, durch Liſt, den plumpen Aiax ziehn
1650 358 1723 1752 Das Loos zum Kampf mit Hektor, Unter uns
1719 361 1790 1787 Gib ihm das Lob des beßten Mann's vor Allen;
1787 364 1860 1624 Gewiß erquickt's den großen Myrmidonen,
1855 356 1929 1843 Der prahlt mit Aller Lob; dann fällt ſein Kamm,
1922 368 1997 1495 Der ſtolzer ſich als blaue Iris bläht.
1983 367 2069 1635 Kommt der ſtumpfſinn'ge Aiax heil davon,
2060 366 2134 1705 So preiſen wir ihn laut; doch wenn er fallt,
2130 367 2205 1758 Behaupten wir uns doch den Ruf hinfort,
2200 373 2271 1714 Daß Beßre bei uns ſind. Gut oder ſchlimm,
2268 373 2343 1746 Den Nutzen hat es doch vor allen Dingen, -
2336 372 2418 1912 Braucht Aiax man, lähmt er Achill die Schwingen.
2422 465 2496 1028 Neſtor. Ulyſſes,
2487 371 2566 1866 Nun fängt dein Rath mir auch an gut zu dünken,
2558 383 2634 1625 Und ich will ihn im Voraus merken laſſen
2628 385 2703 1835 Dem Agamemnon: gehn wir gleich zu ihm.
2695 389 2771 1930 Hier zähm' ein Hund den Andern: Stolz allein
2764 397 2840 1566 Soll ſie aufhetzen wie ein Schinkenbein.
2778 2004 2838 2269 (Gehen ab.
