2544 3507
191 1214 294 1562 238
371 366 471 1945 Iſt einer drum verliebt, war's, will's noch ſein,
461 368 540 1813 Der ſicht mit Hektor, ſonſt - ſtell ich mich ein.
546 424 644 2293 Neſtor. Sag' ihm vor Neſtor, der ein Mann war, als
614 367 692 1841 Sein Aeltervater Säugling - (er iſt alt nun) -
679 369 768 1657 Doch findet ſich in unſerm griech'ſchen Heer
754 369 832 1650 Kein edler Mann, der in ſich Feuer fühlt
823 364 899 1812 Zu kämpfen für ſein Lieb, ſag' ihm von mir: -
892 367 967 1663 Den Silberbart berg' ich in goldnem Helm,
959 368 1033 1518 In Eiſenſchienen dieſen welken Arm,
1024 358 1104 1914 und treff ich ihn, ſag' ich: mein Weib war ſchöner,
1094 365 1173 1560 Als ſeine Aeltermutter, keuſcher als
1165 369 1240 1417 Je eine: gegen ſeinen Jugendmuth
1407 449 1482 939 Ulyſſ. Amen.
1492 420 1582 1971 Agamem. Edler Aeneas, reich' mir deine Hand;
1561 213 1636 1623 Ich führ' dich, Herr, in meinen Pavillon.
1615 213 1710 1511 Achill ſoll hören, was ihr habt beſtellt,
1699 356 1775 1627 Wie jeder griech'ſche Herr von Zelt zu Zelt.
1768 351 1842 1720 Du ſelbſt ſollſt, eh' du geheſt, mit uns ſpeiſen
1833 351 1912 1661 Und uns als edler Feind willkommen heißen.
1993 436 2066 1049 Ulyſſ. Neſtor, -
2079 426 2153 1334 Neſtor. Was ſagt Ulyſſes?
1921 1293 1990 2250 (Alle außer Ulyſſes und Neſtor gehen.
2163 417 2240 1799 Ulyſſ. Ich hab' eine Idee in meinem Hirn,
2233 351 2309 1562 Sei du die Zeit, die ſie zur Reife bringt.
2316 432 2399 1090 Neſtor. Was iſt's?
2393 432 2481 905 Ulyſſ. Dies:
2474 339 2551 1884 Ein ſtumpfer Keil ſprengt harten Klotz: den Stolz,
2544 339 2619 1755 Den Stolz, der ſchnell emporgereift im üppigen
2611 344 2685 1503 Achill, muß man abpflücken jetzo, oder
2681 340 2756 1669 Er wird, beſamt, viel gleiches Uebel zeugen,
2920 344 2995 2031 Ulyſſ. Der Vorſchlag, den der wackre Hektor ſchickt,
