2565 3518
211 1313 311 1448 234
405 374 488 1782 Gibt er dein Herrſcheranſehn ſich, und wie
480 377 558 1643 Ein eitler Spieler - deſſen ganzer Witz
546 372 626 1787 Im Kniebug liegt, und der ein Gott ſich dünkt,
614 373 694 1687 Hört er das hölzerne Geſpräch, den Klang
686 372 762 1716 Des ſteifen Fußes auf der Breterbühne: -
754 328 830 1723 Mit ſolch erbärmlichem, geſchraubtem Weſen
824 376 899 1578 Agirt er deine Größe: wann er ſpricht,
887 368 968 1817 Klingt's wie geſprungne Glocken, ſo unſchicklich,
959 364 1041 1965 Daß, käm's von Tvphon's Mund', des brüllenden,
1028 373 1105 1751 Es doch Hyperbel ſchien. Bei ſolchem Zeug,
1096 370 1170 1737 Streckt breit auf's Polſterbett ſich dann Achill
1165 368 1239 1836 Und lacht aus tiefer Bruſt ihm lauten Beifall,
1235 360 1310 2194 Ruft : Trefflich! 's iſt der ganze Agamemnon. -
1298 357 1378 2366 Nun ſpiel' mir Neſtor; - ſtreich den Bart dir räus-
1375 1649 1446 1883 pernd,
1421 367 1517 2005 Wie einer, der ſich anſchickt zu 'ner Rede.
1509 373 1587 1705 Er thut es - ſo genau, wie Nord und Süd
1580 369 1662 1791 Sich gleicht und wie Vulkanus ſeiner Frau; -
1618 363 1724 2023 Doch ſchreit Achill, der gute, immer: Herrlich!
1715 354 1793 2477 's iſt Neſtor ganz! Nun ſpiel' ihn mir, Patroklus,
1783 359 1860 2330 Wie er bei nächt'gem Lärm zur Wehr ſich rüſtet.
1854 362 1930 1920 Dann dient, o Schimpf! des Alters ſchwache Kraft
1921 372 1997 1661 Zum Lachen gar. Er huſtet, räuspert ſich,
1991 370 2066 1630 und linkiſch tappend an des Panzers Hals
2059 363 2139 2022 Schiebt auf und zu die Schnall er: - Bei dem Spaß
2128 366 2205 1900 Erſtickt Sir Muth vor Lachen, ruft: Genug!
2170 359 2273 2093 Gib Rippen mir von Stahl, ich berſte ſonst
2268 361 2341 1885 Vor großer Luſt! - Auf dieſe Art muß nun
2333 371 2410 1519 All unſre Fähigkeit, Gab' und Natur,
2402 373 2476 1486 Geſtalt, verſchiedenartiges Verdienſt,
2472 367 2547 1659 Vorzug, Anſchlag, Maßregel, Vorbedacht,
2538 366 2614 1754 Aufruf in's Feld und Rede für den Stillſtand,
2608 367 2683 1756 Gewinn, Verluſt, was nicht iſt und was iſt,
2674 370 2753 1598 Für ſie den Stoff zu Albernheiten geben.
2743 428 2821 2030 Neſtor. Und von der Nachahmung der Beiden ſind
2811 372 2890 1632 (Die, wie Ulyſſes ſagt, die Meinung krönt
2879 368 2958 1687 Mit Herrſcherton,) ſo Manche noch befleckt.
2949 369 3027 1620 Ajax ward eigenwillig, bäumt ſein Haupt
