3808 6189
365 462 439 618 824
347 1865 457 2445 Perikles,
502 495 576 2170 Cer. Iſt, was ihr ſagt, wahrhaftger Vorſatz, Kön'gin,
571 432 648 1952 So ſteht unfern von hier der Dianentempel,
639 438 716 1744 Wo bis zum Sterben ihr verweilen mögt;
708 432 789 1955 Auch kann, gefällt's euch, meine Nicht euch dort
784 457 856 1003 Geſellſchaft leiſten.
846 1032 920 1776 All mein Lohn iſt Dank.
856 532 925 813 Thaiſa.
916 435 999 1834 Mein guter Will iſt ſtark, doch thatenkrank.
983 1768 1041 2089 (Beide ab.)
1170 830 1263 1760 Vierter Aufzug.
1305 1006 1360 1599 (Gower tritt auf.)
1385 507 1461 1706 Gow. Denkt Perikles zu Tyrus euch,
1457 576 1536 1634 Willkommen hoch in ſeinem Reich;
1527 581 1602 1325 Zu Epheſus die Königin
1596 577 1668 1619 Betrübt, als Dianens Prieſterin.
1669 570 1743 1678 Den Geiſt dann zu Marinen neigt,
1737 568 1811 1736 Die unſer wachſend Spiel euch zeigt
1804 568 1881 1790 Zu Tharſus, wo durch Kleon's Müh'
1875 567 1949 1620 In Kunſt und Wiſſenſchaften ſie,
1945 573 2020 1535 Und Bildunganmuth ſo gedeiht,
2015 572 2091 1649 Daß hoch verwundert und erfreut
2084 565 2160 1771 Drob Jeder iſt. Doch, Schabernack!
2155 563 2226 1797 Das Unthier Neid, gar oft zu Wrack
2223 566 2295 1669 Verdientem Lob, ſucht an Marinen
2291 568 2367 1551 Verräthermordlohn zu verdienen.
2360 557 2439 1834 Die Tochter Kleon's, frech von Stirne,
2429 559 2506 1788 War ſolch Geſchöpf, erwachſne Dirne,
2501 570 2576 1531 Zum Ehgefecht ſchon reif ſogar,
2570 567 2650 1573 Hieß Philoten; und völlig wahr
2639 563 2719 1658 Sagt die Geſchicht, es fiel ihr ein,
2710 565 2781 1580 Gern um Rarina ſtets zu ſein,
2776 562 2854 1687 Sie mocht' nun weben Seidenzwillch
2848 560 2928 1758 Mit zarten Fingern weiß wie Milch;
2919 562 2990 1507 Oder mit ſcharſer Nadel wund
2988 559 3062 1611 Den Cambrick ſtecken, daß geſund
3058 564 3136 1568 Er würd; oder bei Lautenklang
3127 557 3208 1561 Singen, daß Philomelens Sang
3197 553 3274 1584 Drob ſtill ward; oder ihren Kiel
3267 553 3341 1606 In reicher Dichtung ernſtem Spiel
3337 554 3414 1628 Der Herrin Diana weihen: immer
3404 552 3485 1806 Rang Philoten ihr nach, wich nimmer
3476 556 3553 1510 Der Hochgebild'ten; alſo ringt
3545 550 3624 1674 Mit Paphos' Tauben weißbeſchwingt,
3617 553 3690 1558 Die Krähe wohl. Marinen zollt
3684 555 3759 1631 Man Lob als ſchuldgen Ehrenſold,
3752 544 3830 1900 Nicht als Geſchenk: dies ſchwächt gar arg,
3826 551 3901 1536 Was Philoten noch Gutes barg.
3892 544 3970 1782 Drauf Kleon's Weib mit ſeltnem Neid
3963 549 4045 1518 Flugs einen Mörder hält bereit,
4033 549 4108 1619 Daß durch Marinas Tod ihr Kind
4103 544 4179 1695 Ausſchließlich Lob und Preis gewinnt.
4171 548 4252 1594 Wohl um ſo leichter ſie's erſtrebt,
4239 545 4320 1690 Da längſt die Amme nicht mehr lebt.
4312 554 4387 1570 Es fand Dionyſa, die verfluchte,
4378 544 4456 1712 Die Mörderfauſt, nach der ſie ſuchte,
4447 544 4527 1756 Zu dieſem Streich. Noch Ungeſchehnes
4520 546 4595 1673 Sei demnach bald für euch Geſehnes.
4588 549 4669 1497 Die flügelſchnelle Zeit trag' ich
4654 544 4736 1664 Auf lahmem Reimfuß, daß ſie ſich,
4725 552 4809 1543 Zieht in Gedanken ihr mir nach,
4799 546 4877 1534 Euch deutlicher noch zeigen mag.
4867 545 4946 1688 So ſeht denn Kleon's Weib und ihn,
4938 550 5019 1395 Den Meuchelmdrder Leonin.
5075 952 5148 1579 Erſter Auftritt.
5171 604 5260 1926 Tharſus. Ein offner Platz am Seeſtrande.
5274 694 5337 1846 (Dionvſa und Leon in treten auf.)
5356 462 5438 2140 Dion. Denk deines Eids, du haſt die That geſchworen;
5427 403 5502 1690 Es iſt ein Streich, den Keiner je erfährt.
5498 394 5572 1956 Nichts auf der Welt kannſt du ſo ſchnell vollziehen,
5565 398 5646 1817 Was größern Vortheil brächte. Laß nicht dein
5637 401 5716 1714 Gewiſſen, das nur kalt iſt, dir im Buſen
