3732 6117
357 -7 433 304 Akt III.
350 1105 456 2249 Prinz von Dänemark.
504 10 580 1698 Haml. O, guter Horaz, ich will des Geiſtes Worte für
572 -34 649 1432 Tauſende werth erachten. Haſt du's beobachtet?
643 28 716 1015 Hor. Allerdings, mein Prinz.
714 14 786 1543 Haml. Als die Rede auf das Vergiften kam -
779 13 857 1550 Hor. Ich habe ihn ſcharf aufs Korn genommen.
852 8 928 1696 Haml. Aha! - Auf! Macht Muſik! Ihr mit den
918 395 994 729 Flöten! -
1003 16 1082 1314 Misfiel dem Könige des Schauſpiels Witz,
1076 14 1152 1658 Ei nun! Vielleicht - - gefiel's ihm nicht, potz Blitz!
