3773 6138
288 24 433 288 AKT I.
310 1037 414 2452 König Heinrich der Achte.
465 888 531 1446 Aus ſeinen Blicken
433 25 539 306 Buck
530 -6 607 1600 Glotzt' Unheil gegen mich. Sein Aug verwarf mich
601 6 676 1175 Als ſeines Abſcheus Objekt: eben jetzt
672 0 748 1460 Zielt liſtig er nach mir. Er ging zum König;
743 10 817 986 Ich folg' ihm, ihn zu hindern.
833 118 898 322 Norf.
825 1009 896 1509 Bleibt, Mylord,
895 16 967 1525 Und laßt Vernunft ſich mit dem Zorn beſprechen,
966 19 1039 1467 Was ihr jetzt vorhabt: ſteile Höhn erklimmen,
1034 16 1111 1556 Kann langſam nur geſchehn. Es gleicht der Zorn
1104 25 1180 1233 Dem wilden Roß, das ungebändigt ſich
1171 21 1251 1372 Durch eigne Kraft ermüdet. - Keiner räth
1244 20 1320 1409 In England mir wie ihr; ſo ſeid euch ſelbſt,
1317 32 1389 879 Was ihr dem Freunde ſeid.
1397 878 1475 1522 Ich will zum König;
1403 116 1461 303 Buck.
1469 22 1541 1381 Der Ehre Mund ſoll dieſen frechen Burſchen
1536 16 1614 1555 Aus Ipswich ganz zu Boden ſchrein, ſoll künden:
1610 28 1684 1177 Nicht Unterſchied der Leute giebt's -
1692 1209 1767 1737 Nehmt Rath an:
1700 116 1771 326 Norf.
1761 21 1840 1377 Heizt für den Feind den Ofen nicht ſo glüh,
1831 22 1907 1431 Daß er euch ſelbſt verſengt. Durch Haſtigkeit
1901 16 1972 1735 Rennt man vorbei am Ziel, nach dem man rennt, und
1968 23 2047 1457 Verfehlts durch Ueberrennen. Wißt ihr nicht,
2041 19 2115 1493 Daß Gluth, die's Waſſer durch das Ueberſieden
2110 14 2185 1768 Zu mehren ſcheint, es mindert? Drum nehmt Rath an.
2182 21 2256 1491 Ich ſag' es nochmahls: keine Seel in England
2251 27 2326 1317 Kann kräftiger euch lenken, als ihr ſelbſt.
2317 19 2396 1570 Löſcht , oder dämpft zum mindſten, mit dem Saft
2391 33 2465 1131 Der Ueberlegung eure Zorngluth -
2481 116 2540 312 Buck.
2475 1190 2544 1318 Sir,
2546 23 2619 1437 Ich bin euch dankbar, und will eure Weiſung
2615 33 2692 1110 Befolgen; doch iſt dieſer Ueberſtolze
2682 25 2760 1503 (Nicht nenn ich ihn im Aerger ſo; nein, nein!
2754 25 2828 1488 Aus edler Regung!) mir durch ſichre Warnung
2822 21 2897 1524 Und durch Beweis, ſo klar wie'n Bach im Juli,
2889 25 2965 1386 Worin man jeden Kieſel ſieht, als ſchändlich
2963 40 3036 834 Und als verräthriſch kund.
3025 868 3103 1674 Nicht ſagt „verräthriſch.“
3039 122 3105 326 Norf.
3098 86 3176 1774 Buc. Dem König ſag' ich's; und mein Wort ſoll
3172 466 3242 734 ſtark ſein
3236 23 3319 1498 Wie Felſenſtrand! Hört. Dieſer heilge Fuchs,
3307 25 3390 1439 Fuchs oder Wolf - wohl Beides (denn er iſt
3376 32 3455 1332 So ſchlau wie gierig, ſo geneigt wie fähig
3448 28 3526 1450 Zum Böſesthun; bei dem ſich Seel und Amt
3517 27 3596 1435 Einander gegenſeits vergiften,) wißt, er hat,
3586 30 3665 1332 Um ſeinen Pomp in Frankreich wie daheim
3656 30 3737 1323 Zu zeigen, unſern Herrn, den König, zu
3726 26 3807 1470 Dem theuren Bündnis, dem Vertrag gerathen,
3798 28 3873 1433 Der ſo viel Schätze ſchlang und wie ein Glas
3866 37 3947 967 Zerbrach, indem man's ſpülte.
3929 983 3998 1561 Traun! Es brach.
3942 120 4012 332 Norf.
4001 93 4082 1567 Buck. Hört weiter, Sir: der liſtge Kardinal
4074 35 4153 1328 Entwarf die Punkte dieſes Friedensbundes,
4140 28 4221 1527 Wie's ihm genehm war, und beſtätigt wurden
4205 27 4294 1772 Sie, als er ſchrie: „So ſei's“ War's juſt ſo viel doch,
4279 37 4352 1198 Als einem Todten eine Krücke reichen!
4348 31 4437 1482 Doch that's der Kardinal, und drum iſt's gut;
4418 30 4504 1567 Hochwürden Wolſey irrt ja nie! Was folgt nun
4489 33 4569 1523 Wie mich dünkt, eine Art von Würfling für die
4562 43 4641 1108 Here Verrätherei: der Kaiſer Karl
4627 34 4713 1452 kommt zum Beſuch hieher, als wollt' er bloß
4696 38 4780 1401 Die Köngin, ſeine Muhme ſehn (doch iſt's
4767 34 4846 1506 Nur Vorwand, ſich mit Wolſey zu beſprechen):
4830 34 4921 1560 Er fürchtet, daß das Bündnis zwiſchen Frankreich
4908 37 4991 1402 Und England ihm nachtheilig werden könnte;
4976 37 5060 1400 Aus Beider Freundſchaft ſchaut' ihm drohend
5048 39 5129 1369 Unheil heraus, drum treibt er's in Geheim
5117 41 5198 1286 Mit unſerm Kardinal; und ich vermuthe
5184 33 5267 1634 - Und zwar mit Recht, denn ſicher hat der Kaiſer
5254 44 5343 1383 Gezahlt, eh' er verſprach, ſo daß man ihm
5331 48 5408 1215 Genügt, bevor er forderte - als nun
5393 44 5477 1427 Der Weg mit Gold gepflaſtert war, begehrte
5465 53 5545 1293 Der Kaiſer, daß der Kardinal den Sinn
5529 25 5617 1355 Des Königs lenk und jenen Frieden breche.
5595 19 5714 1579 Der König wiſſe dies, und bald - durch mich -
