3768 6132
308 51 384 297 Akt Il.
307 1129 408 2299 Ende gut, Alles gut.
470 67 548 1722 Gräf. Mich dünkt, Herr, dieſe Hausmannskoſt iſt zu
541 38 615 482 gering für euch.
613 64 690 1717 Narr. Ach Gott, Herr! - Nun, ſetzt mir nur zu;
680 39 754 505 ich halt' es aus.
748 60 827 1717 Gräf. Jhr wurdet neulich ausgepeitſcht, Herr, ſollt'
820 40 892 345 ich meinen?
888 62 964 1607 Narr. Ach Gott, Herr! - Schont meiner nicht.
958 58 1033 1716 Gräf. Schreiſt du: „Ach Gott, Herr!“ und „ſchont
1027 7 1104 1717 meiner nicht!“ wenn du ausgepeitſcht wirſt? In der That
1098 6 1174 1715 dein „Ach Gott, Herr“ paßt gut zu deinem Gepeitſcht-
1168 5 1245 1710 werden; du würdeſt dich beim Auspeitſchen gut benehmen,
1238 25 1312 845 wenn es mit dir dazu käme.
1306 55 1381 1712 Narr. Noch niemahls in meinem Leben kam ich mit
1376 4 1453 1712 meinem „Ach Gott, Herr!“ ſo übel weg. Jch ſehe, die
1448 3 1523 1713 Dinge können lange vorhalten, aber ſie halten nicht
1724 49 1802 1709 Narr. Ach Gott, Herr! - Sieh, da paßt' es wie-
1800 32 1869 386 der ganz gut.
1862 51 1939 1705 Gräf. Ein Ende, Burſch, dem Schwatzen! - Dies
1936 446 2004 693 Helenen,
2003 6 2076 1421 Und dringe drauf, daß ſie mir Antwort ſendet!
2069 3 2170 1519 Empfiehl mich meinem Sohn und meinen Vettern;
2141 23 2214 613 Das iſt nicht viel -
2208 662 2287 1549 Nicht viel Empfehlung alſo?
2213 81 2269 273 Narr.
2277 50 2356 1704 Gräf. Nicht viel Arbeit für dich. Verſtehſt du mich?
2350 49 2426 1702 Narr. Auf das fruchtreichſte. Jch bin eher dort als
2417 29 2491 334 meine Füße.
2485 62 2564 1151 Gräf. Beſchleunige deine Rückkehr.
2555 679 2616 1631 (Beide zu verſchiedenen Seiten ab.)
2685 388 2760 1251 Dritter Auftritt.
2782 199 2864 1445 Paris. Saal im Palaſte des Königs.
2881 37 2960 1567 (Bertram, Le Feu uud Paroles treten auf.)
2950 34 3042 1692 Le Feu. Man ſagt, die Zeit der Wunder ſei vorüber,
3035 -7 3113 1692 und wir haben philoſophiſche Leute, die alltägliche und
3104 -9 3178 1692 weltbekannte Dinge für übernatürlich und unerklärbar aus-
3174 -9 3252 1692 geben. Daher kommt es, daß wir Kleinigkeiten aus
3241 -10 3321 1690 Schreckniſſen machen, indem wir uns hinter eine Schein-
3314 -11 3391 1688 gelehrtheit verſchanzen, wo wir uns einem willenloſen
3380 12 3457 748 Schauder hingeben ſollten.
3452 37 3527 1687 Par. Fürwahr, dies iſt der ſeltenſte Beweis von
3521 -8 3600 1577 Wunder, der in unſrer letzteren Zeit ſich blicken ließ.
3591 57 3666 872 Bert. Ja, ja, ſo iſt es.
3661 39 3736 1512 Le Feu. Von den Aerzten aufgegeben zu ſein -
3731 35 3808 1682 Par. So ſag' ich auch! Von Galenus und Paracelſus.
3800 40 3875 1616 Le Feu. Von allen Gelehrten und Ausſtudirten -
3869 47 3944 1083 Par. Richtig! So ſag ich auch.
3937 37 4015 1437 Le Feu. Für unheilbar erklärt zu werden -
4008 39 4085 1361 Par. Da liegt es eben! So ſag' ich auch.
4076 29 4154 1686 Le Feu. Für einen Mann, dem nicht zu helfen iſt -
4147 34 4222 1584 Par. Ganz recht! Gleichſam für einen Mann -
4214 29 4295 1679 Le Feu. Deſſen Leben unſicher, deſſen Tod zurerläſſigiſt.
4284 30 4363 1680 Par. Richtig und wohl geſprochen! So wollt' ich
4352 18 4427 288 auch ſagen.
4561 1 4639 1678 Par. Das iſt es in der That Wollt ihr es in
4626 -16 4712 1681 einer Abhandlung erkennen, ſo leſet nur - - wie heißt
4696 19 4769 212 die doch?
4767 27 4849 1678 Le Feu. Jn der „Abhandlung von der himmliſchen
4832 -4 4922 1167 Wirkung in einem irdiſchen Werkzeuge.“
4907 29 4986 1467 Par. Das wollt' ich juſt ſagen, ja, juſt das.
4974 22 5056 1675 Le Feu. Fürwahr, der Dauphin iſt nicht luſtiger -
5040 -1 5129 993 mit aler Ehrfurcht ſage ich - -
5114 22 5196 1669 Par. Ja, ja; es iſt ſeltſam, es iſt ſehr ſeltſam!
5177 -19 5267 1671 Das iſt das Kurze und Langweilige an der Sache; und
5254 -18 5335 1670 er iſt von höchſt boshaftem Gemüthe, der nicht darin
5318 3 5400 730 erkennen will, daß - -
5390 17 5473 1522 Le Feu. Die Hand des Himmels thätig war -
5460 35 5541 819 Par. So mein' ich auch.
5528 17 5614 1418 Le Feu. Und zwar in einem ſo ſchwachen -
5597 10 5685 1671 Par. So gebrechlichen Werkzeuge ſolche hohe Kraft,
328 3254 399 3403 237
469 1697 561 3445 ſolche Transcendenz. Fürwahr, dies ſollte uns veranlaſſen,
540 1696 626 3445 noch andern Gebrauch davon zu machen, als bloß die
612 1702 693 3016 Wiederherſtellung des Königs, nähmlich -
683 1770 762 3121 Le Feu. Alleſammt dankbar dafür zu ſein.
754 1760 836 3437 Par. Das eben wollt' ich ſagen. Wohl geſprochen!
820 1711 896 2427 Hier kommt der König.
924 1903 992 3229 (Der König, Helena und Gefolge treten auf.)
994 1752 1075 3440 Le Feu. Luſtik Wie der Holländer ſagt. Jch will
1064 1686 1145 3439 um des Ereigniſſes willen die Mädchen deſto mehr lieben,
1132 1686 1218 3438 ſo lange mir ein Zahn im Munde bleibt. Wahrhaftig,
1201 1690 1283 3291 er wäre im Stande einen Hopſer mit ihr zu tanzen!
1273 1758 1354 3331 Par. Mort du vinaigre! Iſt das nicht Helena?
1342 1767 1417 2899 Le Feu. Bei Gott, mich dünkt es.
1410 1754 1490 3361 Kön. Geht, und beruft mir alle Herrn vom Hofe.
1481 2449 1544 3368 (Einer aus dem Gefolae geht ab.)
1527 1686 1618 3328 Nimm Platz, mein Arzt, zur Seite deines Kranken;
1600 1692 1676 3056 Und mit dem Druck geſunder Hand, der du
1667 1688 1751 3158 Die Schwäche nahmſt, empfange nochmahls die
1733 1690 1821 2924 Beſtät'gung meiner dir verheißnen Gabe,
1807 1691 1886 2795 Die du jetzt nur zu nennen brauchſt.
1910 1974 1973 3134 (Mehrere junge Edelleute treten auf.)
1979 1744 2087 3430 Kön. (fortfahrend). Blick um dich, holdes Mädchen,
2051 2171 2123 2531 dieſe Reihen
2116 1686 2196 3002 Von edlen Jünglingen ſtehn zu Gebot mir,
2191 1684 2271 3150 Denn Landesherr und Vormund bin ich ihnen.
2258 1687 2336 2936 So triff jetzt deine freie Wahl, du haſt
2328 1678 2407 3167 Die Macht dazu; ſie dürfen ſich nicht weigern.
2398 1743 2475 3389 Hel. Jedem von euch ein ſchön und frommes Weib,
2466 1677 2543 3321 So's Hymen will - traun, Jedem, bis auf Einen!
2537 1745 2617 3428 Le Feu. Den braunen Renner ſammt Geſchirr drum
2606 2169 2680 2417 gäb ich,
2670 1679 2751 2959 Hätt' ich ein Zahngebiß und Zierlingsbart
2742 1695 2819 2357 Wie dieſe Bürſchchen!
2811 2417 2891 3127 Schau ſie recht dir an
2813 1773 2871 1943 Kön.
2880 1679 2971 3180 Nicht Einer iſt, der edeln Stamm's nicht wäre.
2953 1764 3028 2366 Hel. Jhr Herren,
3021 1674 3097 3066 Gott hat durch mich den König hergeſtellt.
3091 1740 3167 3279 Alle. Wir hörten es und danken Gott für euch.
3159 1734 3238 3347 Hel. Ich bin ein einfach Mädchen und höchſt reich,
3227 1663 3303 3282 Jndem ich ſag, ich bin ein einfach Mädchen. - -
3300 1667 3380 3246 Mit Gunſt, mein König, ſchon hab' ich gewählt;
3367 1676 3442 2858 Erröthen meiner Wangen flüſtert mir:
3436 1669 3514 3207 „Jch glüh ob deiner Wahl; wird ſie verſchmäht,
3507 1670 3586 3094 „Lagr' ew'ge Bleichſucht auf den Wangen dir;
3576 1681 3649 2598 „Jch kehre nie dann wieder!“
3642 2654 3721 3187 Wähle! Sprich!
3645 1766 3704 1936 Kön.
3715 1668 3791 3138 Wer deine Wahl verwirft, verwirft auch mich.
3784 1734 3864 3302 Hel. Nun, Diana, flieh' ich deinen Altar; dir,
3852 1665 3928 3067 Du höchſter Herrſcher, Amer, ſeufz' ich hier.
3925 1666 3998 3061 - Herr, gebet meiner Werbung ihr Gehör?
3993 1752 4068 2682 Erſt. Edelm. Von Herzen.
4060 2216 4137 3398 Dank:! Zu euch kein Wort jetzt mehr.
4064 1765 4134 1913 Hel.
4130 1730 4209 3412 Le Feu. Ich möchte lieber mit auf dieſer Wahlliſte
4199 1664 4274 3163 ſtehen, als um mein Leben einen Paſch würfeln.
4270 1726 4347 3412 Hel. (zu einem weiten). Der Ehrtrieb, Herr, der
4339 2136 4414 2944 flammt in eurem Blick,
4402 1662 4483 3034 Scheucht, eh' ich rede, drohend mich zurück.
4476 1662 4552 2929 Beglück' euch Liebe zehnfach mehr als ſie,
4543 1655 4621 3228 Die ſolches wünſcht, und fehl's an Glück euch nie!
4629 1729 4708 3112 Zweit. Edelm. Nichts Höh'res giebt's -
4716 2627 4793 3379 Mein Wunſch erfülle ſich
4719 1759 4789 1914 Hel.
4787 1658 4863 3044 Durch Liebeshuld - ſomit empfehl' ich mich.
4870 1718 4948 3404 Le Feu. Ob ſie Alle das Mädchen ausſchlagen? Wären
4942 1647 5018 3405 ſie Söhne von mir, ließ ich ſie peitſchen, oder ſchickte ſie
5011 1647 5088 3403 nach der Türkei, daß Eunuchen aus ihnen gemacht würden.
5095 1715 5174 3404 Hel. (zu einem Dritten. Seid unbeſorgt, nicht wähl
5164 2137 5246 2593 ich eure Hand,
5234 1647 5314 3190 Will nicht euch weh thun durch erzwungnes Band.
5306 1657 5381 3017 Mach' eure Wahl einſt euren Anſpruch wett,
5377 1658 5450 2934 Und findet ſchönres Glück in eurem Bett!
5465 1722 5545 3396 Le Feu. Die Buben ſind Buben von Eis; kein Ein-
5533 1644 5612 3395 ziger von ihnen will ſie ja. Sicherlich ſind ſie engländiſche
5607 1644 5686 3392 Bankerte; von Franzoſen ſind ſie nimmer erzeugt worden.
5695 1591 5750 1724 XII.
