3744 6178
437 23 515 282 Att V.
432 1004 544 2424 König Heinrich der Achte.
587 2 662 1270 Am Bierfaßzapfloch liegt ihr hier, wo ihr
657 -1 733 1606 Dienſt thun ſollt. Hört ihr die Drommeten klingen?
728 6 800 1234 Sie kommen von der Taufe ſchon zurück.
795 -8 871 1730 Auf! Brecht durch das Gedräng und bahnt den Weg, daß
864 -5 941 1603 Der Zug frei durch kann; traun, ſonſt find' ich euch
934 1 1010 1398 Ein Hundeloch, zwei Monden drin zu ſpielen!
1004 57 1079 1567 Thorw. Platz da, für die hohen Herrſchaften!
1072 53 1149 1733 Knecht. Du großer Kerl, tritt auf die Seite, oder ich
1143 15 1217 761 mache dir Kopfſchmerzen!
1210 53 1288 1735 Thorw. Du da im Kamelot! Aus dem Gehäg',
1280 0 1359 1489 oder ich werfe dich kopflinks über das Pfahlwerk!
1487 422 1559 1218 Bierter Auftritt.
1584 559 1661 1157 Greenwich - Palaſt.
1367 1353 1420 1601 (Alle ab.)
1683 35 1743 1737 (Blaſende Trompeter; dann zwei Aldermen, der Lord
1734 85 1794 1735 Mavor. Ein  Wappenkönig, Cranmer, der Her-
1782 83 1842 1735 zog von Norfolk it dem Marſchallsſtade, der Herzog
1836 84 1893 1735 von Suffolk, zwei Edelleute, welche großie Trink-
1884 85 1946 1734 ſchalen auf Fußgeſtellen, zur Aufnahme der Taufgeſchenke
1935 87 1994 1736 tragen; dann vier Edelleute, die einen Baldachin tragen,
1983 87 2043 1735 unter welchem die Herzogin von Norfolk, als Gevat-
2036 82 2092 1735 terin, geht und das Kind trägt, das reich in herabhängenden
2084 84 2144 1737 Mantel gekleidet iſt. Eine Edeldame trägt der Herzo-
2134 -2 2192 1740 gin die Schleppe. Dann folgt die Marquiſe von Dorſet
2185 86 2244 1736 als zweite Gevatterin. Der Zug umkreiſet die Bühne und
2237 103 2293 954 der Wappenkönig ſpricht:)
2310 56 2390 1736 Wapp. Himmel, verleihe nach deiner unendlichen
2385 -5 2461 1741 Gnade glückſeliges, langes, und ſtets heilvolles Leben der
2454 -6 2532 1738 hohen und mächtigen Prinzeſſin von England, Eliſabeth!
2541 161 2601 1641 Trompeten. Der König und Gefolg treten auf.)
2609 54 2713 1740 Cranm. (knieend) Und für euch, hoher Herr, und
2680 435 2754 848 unſre Kön'gin
2749 3 2824 1268 Flehn wir, die edlen Pathinnen und ich:
2795 0 2893 1436 Allstündlich werd' in disem theu'rſten Kind'
2889 9 2963 1183 Euch jeder Troſt und jede Freude, die
2929 -1 3033 1440 Der Himmel je beglückten Eltern schenkte!
3029 56 3105 1743 K. Heinr. Nehmt unſern Dank, werther Lord Erz-
3097 444 3168 645 biſchof.
3168 19 3238 633 Wie iſt ihr Nahm?
3233 75 3308 930 Cranm. Eliſabeth.
3305 902 3376 1427 Steht auf, Lord.
3307 90 3380 449 K. Heinr.
3375 -6 3448 1749 (Indem er das Kind küßt.) Mit dieſem Kuß nimm meinen
3443 439 3517 933 Segen. Schütze
3511 2 3586 1209 Dich Gott! In ſeine Hand dein Leben!
3587 91 3644 379 Cranm.
3582 1204 3642 1392 Amen.
3650 56 3728 1746 K. Heinr. Vieledle Pathen, ihr ſeid zu verſchwen-
3718 451 3795 626 driſch.
3787 0 3881 1470 Ven Herzen Dank; ihn ſag' auch die Prinzeſſin,
3860 17 3935 841 Sobald ſie Engliſch ſpricht.
3926 832 4004 1729 Gönnt mir das Wort, Sire.
3935 94 3992 380 Cranm.
3995 -1 4074 1531 Der Himmel heißt mich ſprechen, und mein Wort
4065 1 4145 1544 Sei Schmeichelei nicht; denn beſtät'gen wird's ſich.
4136 0 4214 1482 Dies Königskind (der Himmel ſchirm es ſtets!)
4206 5 4305 1409 Zwar in der Wiege noch, verheißet dennoch
4277 7 4351 1252 Dem Lande tauſend, tauſend Segnungen,
4344 2 4421 1457 Zu reifen durch die Zeit. Ein Muſter wird ſie
4412 2 4490 1631 (Wenn Wen'g' auch nur von uns dies Heil erleben,)
4485 14 4562 1036 All ihren Fürſtenzeitgenoſſen ſein,
4552 8 4630 1306 Und allen die ihr folgen. Saba's Kön'gin
4621 2 4700 1543 War durſt'ger nie nach Weisheit und nach Tugend,
4695 10 4768 1236 Als dieſe reine Seel es ſein wird. Alle
4763 8 4840 1373 Fürſtliche Huld, die ſolch ein Kleinod adelt,
4832 7 4911 1365 Wird zwiefach in ihr ſein mit jeder Tugend,
4903 10 4978 1201 Womit ſich Edle ſchmücken. Wahrheit
4972 3 5046 1435 Wird Amm' ihr ſein, fromm-heiliger Gedanke
5041 6 5119 1381 Stets Rath ihr geben. Lieben wird man ſie
5111 3 5188 1449 Und fürchten. Segnen werden ſie die Jhr'gen;
