3725 6150
317 373 385 524 822
297 1839 406 2421 Perikles,
451 336 533 1890 Auf ſchwankem Schiff; o, fördre du die Wehn der
309 3423 386 3689 Akt III.
441 2022 529 3597 2. Matr. Wir ſind in der Nähe von Tharſus.
517 2031 600 3226 Per. Dorthin, Freund Seemann;
522 341 600 1619 Kreiſenden Kön'gin! - Nun, Lychorida?
584 396 670 3620 (Luchorida tritt mit einem neugebornen Kinde auf. Lent ab von Tyrus. Wann kannſt dus erreichen?
663 2126 742 3729 2. Matr. Mit Tageeanbruch, ſo der Wind ſich legt.
867 343 935 1725 Umarmt dies Stück von eurer todten Gattin.
938 423 1016 1363 Per. Wie? Wie, Lychorida?
1001 408 1087 2080 Lych. Geduld, Herr! Wollt dem Sturm nicht Bei-
1079 785 1149 1163 ſtand leiſten!
1144 344 1224 1576 Hier all was lebt von eurer Königin -
1216 349 1294 1489 Ein Töchterchen; um ihretwillen zeigt
1286 356 1362 1262 Euch männlich und getröſtet.
1352 1250 1427 1730 O, ihr Götter!
1365 443 1432 601 Per.
1426 343 1498 1677 Was macht ihr eure Gaben erſt uns werth,
1493 340 1569 1832 Und nehmt ſie dann uns plötzlich? Wir hienieden
1564 346 1642 1570 Begehren, was wir geben, nicht zurück,
1636 348 1712 1506 Und nehmen's ſo mit eurer Ehr' auf!
1707 439 1780 609 Lych.
1776 362 1839 944 Des Kindes willen!
1703 1520 1779 1911 Still, Herr;
1842 982 1918 1784 Nun, ſei mild dein Leben,
1851 440 1921 595 Per.
1911 338 1986 1870 Denn ſtürm'ſcher ward noch nie ein Kind geboren.
1980 339 2058 1879 Mild ſei und friedſam von Gemüth! Denn rauher
2050 342 2126 1743 Ward von der Welt kein Fürſtenkind begrüßt.
2120 339 2197 1875 Was nun noch folgt, ſei Glück! So polternd als
2191 342 2268 1762 Luft, Erde, Feu'r und Waſſer es nur können,
2261 347 2335 1643 Aus dem Gebärſchooß dich herauszukunden,
2328 341 2407 1924 Stellt ſich dein Horoſtop dir. Schon beim Eintritt
2397 346 2475 1659 Verlorſt du mehr, als jemahls Hafenglück
2469 342 2547 1743 Dir hier gewähren kann. Ihr guten Götter!
2540 348 2619 1569 Vollgnädig blickt fortan auf dieſes Kind.
2623 770 2682 1650 (Zwei Matroſen treten auf.)
2674 415 2758 2085 1. Matr. Wie ſteht's um den Muth, Herr? Gott
2751 368 2827 769 beſchütz' euch!
2809 414 2898 2084 Per. Wohl um den Muth! Ich fürchte nicht den
2890 798 2960 1039 Sturm;
2953 345 3031 1822 Er that mir Schlimmſtes an. Jedoch aus Liebe
3026 354 3103 1545 Zu dieſem armen Töchterlein, zu dieſer
3091 350 3174 1606 Neuangelangten Schiffrin, wollt' ich doch
3165 364 3242 1066 Es ſtürmte nicht mehr.
3228 415 3307 2084 1. Matr. Laßt's Boiſeil los! Du willſt nicht? Willſt
3309 364 3382 1097 du? Blaſ' und zerplatze
3367 410 3446 2083 2. Matr. Nur hohe See, und die ſalzige und trübe
3437 340 3526 1989 Woge mag den Mond küſſen; mich kümmert es nicht!
3509 414 3591 2082 1. Matr. Herr, eure Gemahlin muß über Bord
3580 341 3663 2085 die See geht hoch, der Wind raſ't und Beide geben ſich
3649 339 3731 2086 nicht eher zur Ruh', als bis das Schiff von dem Leichnam
3731 368 3805 894 geſäubert worden.
3789 428 3873 1410 Per. Das iſt eu'r Aberglaube.
3858 413 3937 2082 1. Matr. Verzeiht uns, Herr; bei uns auf dem
3928 339 4007 2084 Meere iſt dem ſtets nachgelebt worden, und wir beſtehen
3996 342 4079 2087 darauf in allem Ernſte. Drum machts kurz und gebt
4066 345 4152 1967 die Leiche heraus; ſie muß ohne Weiteres über Bord.
4135 415 4223 2088 Per. Seis, wie's euch recht dünkt. - Jammerns-
4206 790 4283 1255 werthe Gattin!
4280 433 4358 1318 Lych. Dort liegt ſie, Herr.
4342 420 4430 1935 Per. Entſetzlich Kindbett hatteſt du, o Theure!
4417 352 4500 1678 Nicht Licht, nicht Feur; unholde Elemente
4481 351 4570 1815 Vergaßen deiner ganz, und mir wird Friſt nicht
4556 355 4637 1589 Dich ſtandesmäßig zu beſtatten; hurtig,
4626 353 4706 1661 Kaum eingeſargt, ſollſt du hinab zur Tiefe,
4694 348 4776 1926 Wo ſtatt des Denkſteins über deinem Leichnam, und
4763 354 4845 1668 Statt ew'gen Lampenlichts der Haifiſch und
4835 353 4908 1663 Des Meers Gebrauſe dein Gebein umtoſen,
4902 356 4990 1594 Wo du bei Muſcheln liegſt - Lychorida,
4974 354 5057 1807 Gewürz, Dint' und Papier ſoll Neſtor bringen,
5044 357 5126 1649 Auch mein Juwelenkäſtchen, und Nikander
5114 360 5193 1553 Die Seidenkiſte; leg' das Kindlein auf
5180 356 5263 1773 Den Pfühl. Beeil dich, während ich von ihr
5254 356 5335 1790 Prieſterlich Abſchied nehme. - Hurtig, Weib
5323 1469 5377 1958 (Lvchorida ab.)
5389 424 5464 2092 2. Matr. Herr, wir haben eine verkeilte und ver-
5461 369 5538 1354 pichte Kiſte unterm Deck ſtehen.
5527 427 5605 2095 Per. Dank dir. Matros, was für ein Strand iſt
5598 806 5657 952 dies?
729 2142 804 3111 Per. Geſchwind gen Tharſus!
870 2063 946 3430 Hält es das Kind nicht aus. Jn gute Pflege
