3754 6129
322 258 389 414 446
300 965 410 2912 König Heinrich der Vierte. II. Theil.
460 231 535 1523 So müſſen wir des Baues Koſten ſchätzen.
530 230 604 1477 Wenn die nun unſern Beutel überſteigen,
600 228 672 1556 Was thun wir dann, als einen andern Riß
672 233 743 1525 Von mindrem Umfang zeichen, oder ganz
735 223 812 1787 Den Bau nachlaſſen? Mehr bei unſrem Werk noch
807 227 880 1685 - Das faſt ein Reich darnieder reißen iſt, und
878 224 951 1904 Ein andres baun - geziemt's uns, recht den Bauplatz
949 235 1023 1541 Und das Modell des Aufbaus zu beſchaun,
1017 228 1091 1716 Auch wegen ſichren Grunds uns wohl zu ein'gen,
1088 232 1163 1562 Kenner zu Rath zu ziehen; unſern Zuſtand
1157 235 1229 1599 Zu kennen, ob zu ſolchem Werk wir tüchtig,
1226 234 1302 1638 Ob wir dem Gegner Wage halten; ſonſt ſind
1298 234 1370 1545 Wir ſtark nur auf Papier und in Figuren,
1360 230 1436 1774 Und brauchen Menſchennahmen nur ſtatt Menſchen,
1437 232 1506 1747 Gleich dem, der Riß von einem Bau macht, den
1504 237 1577 1603 Er nicht vollführen kann; den halb vollführt
1573 235 1647 1716 Er aufgiebt, und das Halbvollend'te preis giebt,
1645 234 1716 1698 Als nacktes Ding, den thränenſchweren Wolken,
1712 237 1785 1615 Als Raub für ſchurk'ſchen Winters Tyrannei.
1781 308 1856 1798 Haſt. Käm' unſer Hoffen (das ſo ſchön in der
1851 234 1926 1709 Geburt ſteht,) todt zur Welt auch, hätten wir
1925 239 1994 1596 Den letzten Mann von unſerm Harren ſchon,
1990 240 2065 1661 So mein ich doch, wir ſind ſtreitkräftig gnug,
2202 684 2272 897 König?
2265 302 2347 1986 Haſt. Für uns nicht mehr; ja, nicht ſo viel, Mylord.
2341 242 2411 1608 Denn ſeine Schaar, ſo wie die Zeiten toben,
2402 239 2484 1845 Muß dreifach ſein; Ein Heer muß gegen Frankreich,
2480 243 2553 1651 Eins gegen Glendower; mit Noth ein Drittes
2546 242 2630 1685 Ge'n uns ſtehn, und ſo iſt der ſchwache König
2620 245 2693 1522 In drei getheilt, und ſeine Koffer klingen
2686 254 2760 1378 Von hohler Dürftigkeit und Leerheit.
2752 318 2833 1834 Erzb. Daß ſeine Streitkräft er zuſammenzieh',
2826 248 2901 1453 Und mit vereinter Macht uns überfalle,
2896 261 2972 994 Steht nicht zu fürchten.
2966 341 3039 522 Haſt.
2960 1076 3037 1938 Wenn ers thäte, wär ihm
3035 246 3112 1713 Der Rücken ungedeckt; Franzos und Walesmann
3102 246 3179 1840 Bellt ſeinen Ferſen nach dann - fürchtet das nicht!
3186 312 3265 1994 L. Bard. Wer führt wohl gegen uns die Macht des
3261 692 3332 937 Königs?
3328 316 3403 1887 Haſt. Herzog von Lancaſter, und Weſtmoreland;
3400 250 3477 1687 Er ſelbſt und Harry Monmouth gegen Wales;
3470 252 3543 1608 Doch wer's mit Frankreich auſzunehmen hat,
3539 259 3613 1265 Ward mir nicht zuverläſſig kund.
3609 1283 3682 1716 Laßt fort uns,
3610 353 3683 548 Erzb.
3675 252 3747 1593 Und unſres Aufſtands Anlaß uns verkünden.
3747 250 3821 1672 Der Staat liegt krank an ſeiner eig'nen Wahl,
3816 256 3890 1499 Zu vollgeſtopft hat übergier'ge Lieb ihn.
3886 259 3960 1443 Ein ſchwindelhohes und unſichres Haus
3956 253 4029 1590 Hat der, der auf des Pöbels Herzen bauet.
4023 250 4100 1787 Vielköpfig Thier! Welch lauten Beiſall ſchrieſt du
4095 254 4168 1671 Zum Himmel auf, den Bolingbroke zu ſegnen,
4166 256 4238 1582 Eh er das war, was er dir werden ſollte
4234 254 4308 1611 Und jetzt, da dein Verlangen ihn geſchmückt,
4304 255 4378 1670 Biſt, vieh'ſcher Vielfraß, du ſo voll von ihm,
4373 257 4448 1552 Daß du dich ſelber mahnſt ihn auszuſpein.
4442 260 4521 1498 So, du gemeiner Hund, entwürgteſt du
4509 254 4587 1695 Dem eignen Freßſchlund deinen König Richard,
4582 257 4654 1550 Und fräßeſt jetzt gern ausgeſpienen Todten,
4651 251 4727 1863 Nach dem du heulſt. Hat dieſe Zeit noch Glauben?
4719 255 4797 1702 Die, welche Richard's Tod, als Richard lebte,
4789 257 4863 1746 Gewünſcht, ſind jetzt verliebt in Richard's Grab.
4860 254 4935 1850 Du, der du Staub warfſt auf ſein frommes Haupt,
4931 262 5004 1456 Als ſeufzend durch das ſtolze London er
5000 261 5074 1573 Geprieſ'nen Bolingbroke's Fußtritt nachzog,
5346 325 5425 2003 Haſt. Wir ſind der Zeit Lohnknechte; ſie führts
5417 710 5475 892 Wort.
