3839 6176
365 379 441 532 114
356 1366 461 2746 Johannis - Nachts - Traum.
528 398 606 2082 Ober. Fahr wohl, du Nymph'! Eh' er verläßt
599 823 670 1114 den Hain,
666 338 744 1743 Solſt du ihn fliehn, und er dir Liebe weihn.
732 870 793 1544 (Zu Puck, der auftritt.)
786 332 865 1902 Haſt du die Blume? Sei willkommen, Spukgeiſt!
856 421 934 1416 Hütch. Seht her, hier iſt ſie.
928 437 998 687 Ober.
922 1463 1003 2051 Gieb, ich bitte dich!
999 337 1075 1788 Jch weiß den Raſen, wo man Quendel findet,
1068 338 1146 1760 Wo Maaßlieb ſich und nickend Veilchen kündet,
1139 338 1217 1762 Dicht überwölbt von üpp'gen Geisblattzweigen,
1209 334 1319 1920 Durch die sich Bisamroſ' und Hagdorn beugen;
1279 339 1357 1703 Titania ſchlummert dort auf Blumenpracht,
1351 334 1430 1941 Durch Spiel und Tanz in Schlaf gelullt, zu Nacht.
1422 340 1495 1707 Die Schlange ſtreift die bunte Haut dort ab,
1489 339 1567 1747 Die iſt für'n Elfenkleidchen nicht zu knapp. -
1560 342 1636 1655 Mit dieſem Saft netz' ich Titania's Augen,
1629 343 1707 1682 So wird ſie ſchnöde Grillen in ſich ſaugen;
1699 340 1774 1741 Nimm auch davon, und ſuche dann im Hain,
1766 345 1844 1657 Ein hold atheniſch Mädchen liebt voll Pein
1838 342 1915 1737 'nen ſpröden Jüngling; netz ihm ſeine Augen,
1906 337 1984 1728 Doch ſo, daß, was zunächſt ſie in ſich ſaugen,
1977 337 2051 1799 Das Mädchen ſei. Leicht kenneſt du den Mann,
2049 345 2122 1525 Denn der Athener Kleidung hat er an.
2116 340 2193 1804 Behutſam ſei, daß mit noch brünſt'germ Triebe,
2395 835 2471 1073 verſteht.
2552 868 2624 1560 Dritter Auftritt.
2652 788 2728 1641 Eine andere Waldgegend.
2410 1707 2469 2006 (Beide ab.)
2749 657 2810 1768 (Titania mit ihrem Gefolge tritt auf.)
2832 408 2908 2085 Tit. Kommt! Einen Rundtanz, und dann Elfenſang;
2904 344 2978 1722 Nach einem Drittheil 'ner Minute fort dann!
2974 344 3049 1617 Ihr tödtet Spinnen in den Roſenknoſpen;
3039 340 3118 1763 Ihr ſchlagt die Flugmaus todt, ihr Lederflügel
3112 343 3189 1747 Giebt Elfenröckchen; ihr verſcheucht die Eule,
3181 335 3255 2015 Die nächtlich lärmend kreiſcht, und mit Verwundrung
3246 339 3327 1907 Auf unſre ſchmucken Geiſter glotzt. Jezt ſingt mich
3318 335 3401 2013 Jn Schlaf dann geht ans Werk und laßt mich ruhn.
3424 1007 3498 1420 Geſang.
3509 412 3586 1933 Erſter Elfe. Schlangen bunt mit Gabelzungen,
3579 819 3654 1685 Stacheligel, fort von hier!
3649 751 3724 1911 Eidechs, Blindwurm - nicht gedrungen
3720 818 3794 1542 In der Königin Revier!
3808 273 3885 1799 Chor der Elfen. Nachtigall mit Melodei,
3878 817 3952 1632 Sing uns ſüßlieb Lullabei;
3946 479 4022 1937 Lulla, Lulla, Lullabei Lulla, Lulla, Lullabei!
4015 805 4093 1969 Daß nicht Harm, noch Zauberſchwarm
4087 817 4161 1579 Holder Kön'gin nahe ſei;
4156 816 4230 1694 So gut' Nacht mit Lullabei!
4242 410 4324 2023 Zweiter Elfe. Webeſpinnen, laßt euch ſcheuchen;
4315 720 4388 1678 Langbebeinte Spinner, fort!
4381 749 4465 1955 Wurm und Schnecke, wollt entweichen;
4452 812 4528 1823 Schwarze Käfer, flieht den Ort!
4538 414 4619 1814 Chor der Elfen. Nachtigal voll Melodei,
4609 823 4690 1631 Sing uns ſüßlieb Lullabei,
4681 483 4757 1935 Lulla, Lulla, Lulabei! Lulla, Lulla, Lullabei!
4746 812 4829 1955 Daß nicht Harm, noch Zauberſchwarm
4819 819 4898 1596 Holder Kön'gin nahe ſei;,
4889 822 4963 1688 So gut' Nacht mit Lullabei!
4978 414 5060 1982 Zweiter Elfe. Alles wohl! Ietzt laßt uns gehn;
5048 814 5126 1932 Einer, auf, muß Schildwacht ſtehn!
5133 1030 5195 2023 (Die Elfen ab; Titania ſchläft.)
5215 405 5275 2087 (Oberon tritt auf und quetſcht die Blume über Titaniens
5266 583 5323 911 Angen aus.)
5335 402 5413 1513 Was du ſiehſt, wenn du erwachteſt,
5407 353 5482 1534 Sei der Schatz, nach dem du trachteſt,
5477 352 5551 1544 Den du liebſt, für den du ſchmachteſt,
5547 352 5623 1579 Luchs mag's, Kater, borſt'ges Schwein,
5619 358 5692 1254 Bär nun, oder Panther ſein.
5686 357 5763 1318 Was dein Aug' erwachend ſah,
529 2071 603 3051 Soll dein Liebchen ſein, ja, ja!
598 2068 672 3157 Wär' recht Garſtges dann doch da!
