3744 6121
323 39 403 244 Akt l.
305 958 414 2426 König Heinrich der Vierte.
464 12 541 1260 und nichts ergötzt wie ſeltnes Ueberraſchen.
535 10 613 1197 Werf' ich drum dieſes lockre Weſen ab,
600 5 684 1486 und zahle Schuld, zu der mich nichts verpflichtet,
675 9 748 1284 So bin ich ſo viel beſſfer, denn mein Wort,
742 14 820 1017 Als ich der Leute Hoffen übertraf.
814 6 889 1368 Gleich blendendem Metall auf mattem Grund,
883 8 961 1320 Glänzt meine Beſſrung über meiner Schuld,
953 6 1032 1394 Zeigt frömmer ſich, und lockt mehr Augen an,
1023 3 1101 1426 Als das, was ſich durch Folie nicht hervorhebt;
1090 5 1167 1362 So daß Verdienſt aus meinen Sünden ſprach,
1164 -1 1237 1571 Die Zeit verſöhnend, eh' man's ahnen mag. (ab.)
1314 484 1387 1183 Dritter Auftritt.
1414 199 1490 1487 London. Ein anderes Gemach im Palaſt.
1511 30 1571 1718 (König Heinrich, Northumberland, Worceſter,
1565 79 1627 1514 Heißſporn, Walter Blunt u. A. treten auf.
1646 49 1724 1551 Kön. Mein Blut war zu gemäßigt und zu kalt,
1719 5 1793 1080 Unfähig zu erglühn ob dieſer Unbill.
1787 0 1862 1272 Und ihr erforſchtet mich; denn dem zufolge
1852 -3 1932 1428 erſtampft ihr die Geduld mir; doch ſeid ſicher,
1924 -7 2001 1554 Ich will fortan weit mehr ich ſelbſt, will mächt'ger,
1998 3 2073 1108 Gefürchteter als mein Charakter ſein,
2066 -5 2138 1488 Der mild wie Oel war, ſanft wie junge Daunen,
2135 -2 2208 1379 Und drum ſein Recht auf jene Achtung mißte,
2209 0 2281 1179 Die ſtolze Seele nur dem Stolzen zollt.
2273 41 2350 1717 Worc. Mein hoher Lehnsherr, unſer Haus verdient's
2346 404 2419 560 nicht,
2412 -2 2489 1301 Daß ſich an ihm der Hoheit Geißel abnutzt,
2483 0 2558 1213 Und jener Hoheit, der mit unſrer Hand
2553 0 2628 1184 Wir halfen, ſich ſo ſtattlich zu erheben.
2623 61 2697 854 North. Mein König -
2686 40 2769 1558 Kön. Hinweg, Worceſter, denn ich ſeh' Gefahr
2763 -3 2837 1283 Und Ungehorſam dir im Aug'! Ja, Herr,
2829 -1 2906 1214 Zu kühn, zu herriſch iſt mir eure Nähe,
2902 -3 2974 1272 Und Majeſtät mag's nimmermehr ertragen,
2965 -4 3040 1357 Daß eines Dieners Stirn ſich mürriſch furcht.
3040 -7 3112 1344 Ihr habt Verlaub uns zu verlaſſen; brauchen
3109 -4 3185 1283 Wir euch und euren Rath , ſo ſchicken wir.
3174 1069 3235 1584 (Worceſter ab.)
3248 -4 3322 1253 (Zu Northumb.) Ihr wolltet reden -
3317 71 3389 296 North.
3316 1014 3392 1680 Ja, mein edler Herr.
3384 -3 3459 1193 Gefangne, die mein König hat begehrt,
3456 -6 3529 1300 Und die zu Holmedon Harry Perey machte:
3523 -5 3598 1358 Sie wurden, wie er ſagt, nicht gar ſo ſtreng
3593 -4 3668 1231 Geweigert, als man euch es hinterbrachte.
3662 -9 3736 1428 So iſt denn Neid, wenn nicht ein Misverſtand,
3730 -12 3809 1545 Doch nicht mein Sohn hier ſolchen Fehlers ſchuldig.
3804 38 3881 1707 Heißsp. Nicht weigert' ich, mein Lehnsherr, die
3877 447 3947 778 Gefangnen.
3936 -17 4018 1708 Doch weiß ich's noch, daß als die Schlacht gekämpft war,
4009 -13 4085 1568 Und ich von Grimm und ſchweren Kampfmühn dürr
4080 -12 4152 1525 Und athemlos und matt aufs Schwerd mich ſtützte,
4147 -5 4223 1234 Gewiſſer Herr nett aufgeputzt daher kam,
4217 -16 4294 1673 Schmuck wie ein Bräut'gam, friſch gemäht ums Kinn,
4287 -7 4365 1309 Wie'n Stoppelfeld zur Zeit des Erndtefeſts;
4356 -7 4430 1304 Wohlriechend war er wie ein Salbenkrämer,
4429 -6 4502 1254 Und zwiſchen Daumen hielt und Finger er
4494 -8 4572 1389 Ein Moſchusbüchschen, das er dann und wann
4564 -3 4644 1185 Zur Naſe führt und wieder ſinken ließ,
4632 -5 4714 1251 Daß dieſe drob erzürnt zuletzt zu ſchnauben
4700 -14 4786 1592 Anfing - und dabei greint und ſchwatzt' er raſtlos;
4776 -4 4846 1197 Und als die Söldner nun an ihm vorbei
4843 -6 4920 1283 Die Leichen trugen, ſchalt er ſie für plump
4916 -7 4989 1301 Und unmanierlich, weil ſie garſt'gen Körper
4982 -8 5058 1367 Ihm zwiſchen Wind und ſeinen Adel brachten.
5052 -11 5131 1467 Mit manchem Fei'rtags, manchem Weiberſchnack
5122 -5 5198 1244 Fiel er mir läſtig, und begehrt' am End'
5191 -4 5268 1206 Jn euer Hoheit Nahmen die Gefangnen.
5260 -11 5339 1483 Ich, ſchmerzvoll durch die kaltgewordnen Wunden
5331 -3 5407 1133 Und arg geplagt von ſolchem Papagei,
5397 -5 5475 1238 Gab, ſo von Weh wie Ungeduld gequält,
5466 -11 5546 1469 Nachläſſge Antwort - welche, weiß ich nicht -
5535 -18 5618 1747 Er ſollt - und ſollte nicht - denn toll machts mich,
5608 -6 5684 1266 Wie er ſo blank ſchien und ſo ſüßlich roch,
5683 1653 5741 1788 XX.
