3756 6128
291 307 431 511 426
312 1327 416 2777 König Heinrich der Vierte.
444 276 543 2071 dig ſein! Dieſer ſanguiniſche Feigling, dieſer Bettdrücker,
536 280 611 2073 dieſer Pferderückenbrecher, dieſer plumpe Fleiſchhügel - -
604 280 679 2076 Falſt. Hinweg mit dir, du Hungerleider, du Elfen-
669 281 750 2077 fell, du gedorrte Rindszunge, du Ochſenziemer, du Stock-
742 281 818 2073 fiſch! - Uf! Der Athem fehlt mir um auszuſprechen,
815 321 888 2073 was dir gleicht! Du Schneiderelle, du Scheide , du Bo-
887 325 958 1901 genkapſel, du elender , abgenutzter Stoßdegen - -
953 391 1030 2074 Pr. Heinr. Recht ſo; verſchnaufe ein Weilchen, und
1025 322 1099 2077 dann fange von neuem an; und wenn du dich in nieder-
1091 323 1167 2073 trächtigen Vergleichungen erſchöpft haſt, ſo höre nur - -
1165 408 1236 1287 Poins. Merk' auf, Hans!
1230 391 1306 2076 Pr. Heinr. Wir Beide ſahen euch Vier vier Ande-
1303 322 1377 2078 re anfallen; ihr bandet ſie dann und wurdet Herren ihrer
1370 322 1445 2077 Barſchaften. - Jetzt merke, wie ein Mährchen zunicht
1442 322 1516 2074 gemacht wird. Dann fielen wir Zwei euch Vier an; und,
1511 323 1583 2076 mit einem Worte, jagten euch von eurer Beute fort, und
1581 326 1657 2078 haben ſie; ja, und können ſie zeigen, hier in dieſem Hau-
1651 324 1723 2075 ſe. Und, Falſtaff, du ſchleppteſt deine Panze ſo behende,
1720 323 1793 2076 mit ſo hurtiger Behendigkeit hinweg, und heulteſt ſo um
1790 324 1861 2078 Erbarmen, und liefſt, und heulteſt, wie jemahls ein Bul-
1859 324 1930 2076 lenkalb heulte. Elender Sklav, der du biſt, daß du dein
1929 322 2002 2077 Schwerd zerhackteſt, und ſagteſt, es ſei im Kampfe ge-
1997 321 2072 2078 ſchehen! Welchen Pfiff, welchen Kniff, welches Schlupf-
2067 322 2141 2082 loch kannſt du jetzt ausfindig machen, um dich vor dieſer
2137 326 2212 1906 offenbaren und augenfälligen Schmach zu verbergen?
2207 397 2281 2082 Poins. Wohlan, laß hören, Hans! Welchen Pfiff
2274 350 2350 907 haſt du vorräthig?
2342 393 2421 2077 Falſt. Beim Himmel, ich kannte euch ſo gut wie
2415 323 2488 2078 der, der euch machte. So hört denn, ihr Herrſchaften.
2485 320 2558 2077 Was brächte es mir, den muthmaaßlichen Kronerben zu
2554 323 2628 2082 tödten? Sollte ich auf den wirklichen Prinzen losſchlagen?
2624 321 2699 2079 Nun, du weißt, ich bin ſo tapfer wie Herkules; aber be-
2695 322 2767 2078 denke den Inſtinkt. Der Löwe wird den echten Prinzen
2763 320 2840 2077 nicht anfallen! Inſtinkt iſt ein großer Gegenſtand; ich
2835 318 2905 2079 war eine Memme aus Inſtinkt. Ich werde drob mei-
2902 320 2977 2076 ner und auch deiner lebenslänglich beſſer gedenken, an mich,
2975 318 3049 2077 als an den tapfern Löwen; an dich , als an den echten
3041 319 3118 2076 Prinzen. Aber beim Himmel, Burſche, mich freut es,
3113 320 3188 2081 daß ihr das Geld habt. - - Wirthin, ſchlagt die
3180 317 3258 2085 Thüren zu, wacht über Nacht, betet morgen. - Ihr
3252 318 3327 2080 Tapfern, ihr Burſche, ihr Jungen, goldherzige Jungen;
3322 318 3397 2084 alle Titel guter Kameradſchaft kommen euch zu! Sagt
3389 318 3466 2084 an, wollen wir luſtig ſein? Soll uns ein Spielchen ex
3464 349 3534 871 tempore werden?
3531 389 3605 2081 Pr. Heinr. Es ſei - und den Inhalt deſſelben ſoll
3602 343 3673 1136 dein Davonlaufen abgeben.
3668 386 3746 2076 Falſt. Ei, nichts mehr davon, Heinechen, ſo du mich
3742 354 3815 619 lieb haſt.
3806 834 3862 1574 (Die Wirthin tritt auf.)
3878 404 3953 1487 Wirth. Mylord, mein Prinz -
3943 386 4023 2080 Pr. Heinr. Was giebt's, Frau Wirthin? Was
4020 345 4094 1049 habt ihr mir zu ſagen?
4080 390 4161 2079 Wirth. Ei nu, Mylord, draußen iſt ein Herr vom
4153 315 4233 2082 Hofe, möcht' mit euch ſprechen; er ſagl, er kommt von
4231 350 4290 750 euerm Vater.
4288 386 4372 2083 Pr. Heinr. Gieb ihm ſo viel, daß ein königlicher
4362 319 4442 2086 Mann aus ihm wird, und ſchick ihn zu meiner Mutter
4438 354 4514 552 zurück.
4499 394 4582 1803 Falſt. Was für eine Art von Mann iſt er?
4573 408 4647 1266 Wirth. Ein alter Mann.
4636 389 4722 2089 Falſt. Was thut die Gravität um Mitternacht außer
4709 334 4783 1757 dem Bette? - Soll ich ihm Antwort geben?
4781 396 4861 1839 Pr. Heinr. Ich bitte dich, Hans, thu' es.
4845 390 4934 2009 Falſt. Mein Seel, ich will ihm heimleuchten. (ab.)
4919 390 5001 2076 Pr. Heinr. Nun, ihr Herren, bei unſerer lieben Frau-
4988 321 5066 2085 en! Ihr fochtet tapfer; ſo thatet ihr, Peto; ſo thatet
5056 322 5140 2083 ihr, Bardolph. Jhr ſeid auch Löwen, denn ihr lauft
5126 320 5207 2080 aus Inſtinkt davon, und wollt nicht Hand an den echten
5202 345 5280 1046 Prinzen legen - pfui!
5264 397 5346 1863 Bard. Ei, ich lief, als ich Andere laufen ſah.
5336 332 5419 2079 Pr. Heinr. Sagt mir im Ernſt, wovon ward Fal-
5409 343 5488 1179 ſtaffs Schwerd ſo zerhackt?
5473 390 5559 2076 Peto. Ei, er zerhackte es mit ſeinem Dolche und
5544 320 5626 2079 ſagte, er wolle die Wahrheit zum Lande England hinaus
5612 320 5704 2079 ſchwören, wenn er euch nicht glauben machen würde, es
