3845 5996
63 371 133 525 716
51 1502 134 2653 Troilus und Kreſſida.
206 343 281 1584 Nein, dieſer dreifach beſſre, tapfre Held
275 339 350 1704 Darf ſchonerrungne Palme nicht ſo ſchäd'gen,
341 338 420 1850 Darf, geht es mir nach , nimmer ſein Verdienſt,
415 341 491 1816 Das völlig dem Achill's gleicht, ſo entwürd'gen,
485 344 559 1629 Daß zum Achill er geht: das hieße dieſem
554 344 629 1570 Den überfetten Hochmuth ſpicken, mehr
626 338 697 1818 Der Kohlen legen an den Thierkreiskrebs, wenn
693 341 772 1808 Er brennt zur Luſt Huperion's, des Erhabnen.
763 335 842 1931 Der Held zu ihm gehn? Woll' es Zeus verhüten,
836 341 910 1787 Und donnernd ſprechen: ,Geh Achill zu ihm!“
904 404 981 2087 Neſt. (beiſeit.) Recht ſo! Das hieß ſein Innerſtes ge-
985 787 1054 994 troffen.
1040 405 1141 2083 Diom. (beiſeit.) Und wie ſein Schweigen dieſen Lob-
1118 782 1188 1283 trank einſchlürft!
1178 407 1266 2083 Ajax. Wenn ich zu ihm gehe, ſo ſchlag' ich ihn mit
1254 348 1337 1570 meiner bewaffneten Fauſt über's Geſicht.
1321 416 1410 1757 Agam. Nein, nein; du ſollſt nicht gehn.
1386 405 1478 2082 Ajax. Und thut er ſtolz mit mir, rupf' ich den Stolz
1475 795 1543 926 ihm.
1544 364 1617 926 Laßt mich zu ihm!
1593 413 1686 2079 Ulyſſ. Nicht für den Preis, um den wir Alle kämpfen
1671 418 1754 1731 Ajax. Ein lump'ge, frecher Burſch!
1732 1536 1810 2056 Wie er ſich ſelbſt
1754 436 1822 883 Neſt.  (beiſeit.)
1826 371 1891 688 Beſchreibt!
1876 420 1965 1698 Ajax. Kann der nicht freundlich ſein?
1965 435 2033 923 Ulyſſ. (beiſeit.)
2031 366 2103 930 Schilt's Schwarze.
1943 1720 2008 2020 Der Rabe
2086 941 2155 1770 Seine Launen ſollen bluten.
2103 443 2174 632 Ajax.
2149 412 2245 2085 Agam. (beiſeit.) Er will der Arzt ſein, und iſt ſelbſt
2243 371 2302 723 der Kranke.
2295 416 2384 1793 Ajax. Wären alle nur meiner Meinung
2362 409 2453 2083 Ulyſſ. (beuſeit.) Dann wäre der Verſtand bald außer
2455 374 2512 561 Mode.
2505 419 2593 1621 Ajax. Nicht ging's ihm dann ſo hin!
2565 341 2659 2051 Erſt müßt er Schwerder freſſen. Solls ſein Hochmuth
2656 366 2737 912 Ferner ſo treiben?
2708 419 2799 1801 Neſt. (beiſeit.) Zur Hälfte treibt er dich
2775 1605 2852 2053 Wohl zehnfach.
2800 435 2868 927 Ulyſſ. (beiſeit.)
2847 403 2940 2085 Ajax. Ich will ihn kneten, will ihn ſchmiegſam machen.
2919 409 3007 2087 Neſt. (heimlich zu Ulvſſ.) Noch iſt er nicht ganz prall;
2995 791 3073 1363 ſtopf ihn mit Lobe.
3055 344 3149 1979 Schenk ein, ſchenk ein; ſein Ehrgeiz iſt noch durſtig!
3125 413 3219 2089 Ulyſſ. (zu Agamemn.) Du nährſt, Herr, dieſen
3205 784 3283 1314 Unmuth allzuſehr.
3270 426 3352 1717 Neſt. Thu's nicht, mein edler Feldherr.
3331 414 3419 1943 Diom. Bereit ſei, ohne den Achill zu kämpfen.
3401 413 3499 2085 Ulyſſ. Ei, was ihn ſchmerzt, iſt, daß wir den noch
3504 794 3550 1011 nennen.
3542 346 3638 1937 Hier ſteht ein Mann. - Doch das ins Antlitz ihm?
3635 368 3707 1031 Ich ſchweige drum -
3681 1074 3760 1896 Weswegen wolltſt du das?
3706 453 3773 623 Neſt.
3760 363 3844 1400 Er iſt nicht ehrengierig wie Achill.
3820 415 3914 2081 Ulyſſ. Wiſſ' es die ganze Welt - er iſt ſo tapfer
3890 417 3985 2045 Ajax. Ein hünd'ſcher Hurenſohn will ſo uns äffen?
3973 363 4054 1311 Ich wollt', er wär' ein Troer!
4032 1276 4107 1770 Welch ein Laſter
4055 452 4120 625 Neſt.
4117 370 4193 1059 Wär's jetzt in Ajax -
4171 1061 4248 1825 Wenn er ſtolz ſich wieſe?
4196 451 4264 658 Ulyſſ.
4245 431 4331 1495 Diom. Ja, oder lobesſüchtig -
4306 1506 4384 2019 Oder launiſch -
4334 451 4402 671 Ulyſſ.
4382 430 4475 1678 Diom. Fremdthuend oder ſelbſtgefällig
4448 1693 4509 1848 Dank
4474 456 4536 662 Ulyſſ.
4522 356 4613 1767 Dem Himmel, Aiax, du biſt ſanften Weſens;
4588 352 4684 1918 preis ihm, der dich erzeugt', ihr, die dich ſäugte;
4661 355 4755 1821 Preis deinem Lehrer, dreifach Preis den Gaben,
4738 368 4813 1373 Die über alle Lehre dich erheben!
4798 364 4891 1519 Dem aber, der in Waffen dich geübt,
4869 363 4960 1629 Dem theile Mars die Ewigkeit ins Halbe,
4941 360 5033 1786 Und geb' ſie ihm; und was die Kraft anlangt,
5015 364 5099 1504 Muß Ochſenträger Milo ſeinen Ruhm
5081 361 5170 1652 Dem ſehn'gen Aiax laſſen; deine Weisheit,
5147 361 5236 1701 Die einem Wegpfabl, Steg und Ufer gleich,
5226 364 5308 1507 Die räum'gen, ausgebreiteten Talente
5286 355 5375 1854 Dir abſtect, preiſ ich nicht. Sieh Neſtor hier!
5359 356 5453 1670 Belehrt durch Zeitaufſpeichrung iſt er weiſe,
