3758 6118
324 368 396 522 250
312 1471 416 2624 Ende gut, Alles gut.
477 325 554 2057 euch, gnädiger Herr, ſo lange bei mir zu bleiben, bis
551 346 623 1162 Beide hier zuſammentrafen.
614 395 693 2058 Le Feu. Jch dachte ſo eben darüber nach, meine
685 327 762 2060 Gnädige, auf welche Weiſe ich wohl am leichteſten Zu-
758 354 830 989 tritt erhalten möchte.
823 398 901 2058 Gräf. Jhr braucht euch nur eures ehrenvollen Vor-
898 352 969 929 rechtes zu bedienen.
963 395 1041 2058 Le Feu. Gnädige Frau, daraus habe ich mir einen
1034 326 1112 2060 kühnen Freibrief gemacht, der noch immer aushält, und
1107 352 1180 1014 wofür ich Gott danke.
1190 859 1248 1522 (Der Narr tritt auf.)
1240 398 1317 2060 Narr. Gnädigſte, da unten iſt mein Herr, euer
1313 328 1388 2061 Sohn, mit einem Sammetpflaſter auf dem Geſichte. Ob
1383 328 1457 2063 ſich eine Narbe darunter befindet oder nicht, weiß der
1452 329 1526 2061 Sammet; aber es iſt ein tüchtiges Sammetpflaſter. Seine
1520 331 1599 2062 linke Wange iſt eine mit dritthalb Streifen belegte; aber
1590 345 1667 1345 ſeine rechte Wange trägt er kahl.
1661 398 1734 2061 Le Feu. Eine rühmlich erhaltene Narbe, oder eine
1731 329 1807 2062 edle Narbe, iſt eine gute Liverei der Ehre; ſo wird wahr-
1799 345 1872 1386 ſcheinlich die ſeinige beſchaffen ſein.
1867 404 1942 1967 Narr. Er hat aber ein wahres Karbonadengeſicht.
1940 400 2012 2059 Le Feu. Laßt uns hinunter zu eurem Sohne gehen;
2005 327 2083 2062 ich bitte euch. Jch ſehne mich darnach, mit dem edlen
2078 348 2151 1200 jungen Krieger zu ſchwatzen.
2146 400 2222 2060 Narr. Traun, es iſt ein Dutzend von ihnen unten
2215 326 2290 2062 mit delikat feinen Hüten und höchſt ſtattlichen Federn,
2284 333 2361 1905 die den Kopf hängen laſſen und aller Welt zunicken.
2353 1686 2408 1930 (Alle ab.)
2481 808 2582 1592 Fünfter Aufzug.
2606 367 2679 2028 Erſter Auftritt. Eine Straße in Marſeille.
2835 401 2913 1924 Hel. Doch dies eilfert'ge Reiſen Tag und Nacht
2907 330 2981 1852 Muß euch entmuth'gen. Könnt ich's ändern nur!
2979 334 3052 1690 Allein ihr habt nun einmahl Tag und Nacht
3049 333 3125 1691 Die zarten Glieder meinem Dienſt gewidmet;
3118 329 3193 1850 Drum haltet aus, und wachſt in meinem Dank,
3186 325 3263 2061 Aus dem euch nichts entwurzeln kann. - Einſt ſoll - -
3273 630 3333 1747 (Ein edler Falkenier tritt auf.)
3327 329 3405 1833 Der Mann kann Zutritt mir beim König ſchaffen,
3396 324 3472 2055 Wenn er ſein Anſehn geltend macht. - Gott grüß' euch!
3466 238 3549 982 Falk. und euch!
3531 744 3611 2048 Jch ſah euch, Herr, am Hof von Frankreich.
3538 310 3607 585 Hel.
3599 293 3687 1257 Falk. Ich war einſt dort.
3672 274 3750 2062 Hel. Mich will bedünken, Herr, nicht Lügen ſtraftet
3737 285 3818 1627 Jhr das Gerücht, das eure Güte rühmt;
3813 284 3887 1663 Drum von gewicht'gen Gründen angetrieben,
3880 282 3958 1769 Die nicht auf ſtrenge Sitten achten, macht' ich
3937 282 4028 1694 Gebrauch von euerm Anſehn gern, wofür ich
4021 292 4097 1265 Euch dankverpflichtet ſein will.
4092 1266 4166 1801 Was begehrt ihr?
4092 306 4175 610 Falk.
4157 286 4236 1412 Hel. Daß euch's gefallen möge,
4218 280 4306 1621 Dem König dieſe Bittschrift zu behänd'gen,
4299 277 4373 1680 Und mir durch eure güt'ge Fürſprach Zutritt
4366 295 4443 954 Bei ihm zu ſchaffen.
4436 284 4516 1418 Falk. Der König iſt nicht hier.
4506 1385 4584 1923 Nicht hier, Herr?
4510 303 4610 571 Hel.
4574 277 4735 1611 Er reiſte geſtern abends ab, und haſt'ger
4579 317 4651 605 Falk.
4713 294 4789 891 Als ſonſt wohl -
4581 1855 4641 2016 Nein.
4783 272 4858 1759 Wittwe. Gott! Verloren alle Mühe!
4851 264 4928 2053 Hel. Ende gut, Alles gut. Gleichviel! Die Zeit
4915 273 4998 1665 Scheint widrig und das Mittel unzureichend.
4988 277 5083 1525 Jch bitt euch, wohin ging der Köng?
5058 266 5139 1978 Falk. Ei, wie ich hörte, nach Schloß Rouſſillon,
5115 289 5214 976 Wohin ich auch will.
5197 954 5275 1828 Herr, ich bitt euch, da ihr
5205 299 5273 567 Hel.
5265 279 5346 1446 Den König eher werdet ſehn als ich,
5337 276 5415 1528 Legt dies Papier in ſeine gnäd'ge Hand,
5407 270 5485 1767 Das, wie ich mein', euch keinen Tadel zuzieht,
5476 270 5557 1711 Vielmehr euch Dank für eure Müh erwirbt.
5545 275 5625 1528 Jch komm euch nach, ſo eilig als dazu
5615 280 5790 1328 Wir Mittel auszumitteln wiſſen.
481 2116 561 3107 Falk. Gebt; ich beſorg's euch.
552 2135 620 2288 Hel.
620 2035 703 3524 Wie's immer ausläuft. - Abermahls zu Pferd;
691 2051 766 2776 Fort, fort, zur Reiſe!
672 3381 764 3698 (Alle ab.)
847 2467 923 3338 Zweiter Auftritt.
945 2142 1024 3641 Rouſſillon. Jnnerer Schloßhof der Gräfin.
1043 2341 1111 3468 (Der Narr und Paroles treten auf.)
1124 2104 1206 3715 Par. Ehrlicher Monſieur La Vache, gebt dem Herr
1194 2032 1274 3718 Le Feu dieſes Schreiben. Vor Zeiten, Herr, war ich euch
1263 2031 1343 3733 beſſer bekannt, als ich auf vertraulicherem Fuße mit mun-
1336 2032 1415 3719 terern Kleidern lebte; jetzt aber, Herr, hat Fortunens
1404 2031 1484 3718 Laune mich verſchlämmt, und ich dufte etwas ſtark nach
1473 2060 1548 2721 ihrer ſtarken Ungnade.
1544 2104 1623 3718 Narr. Fürwahr, Fortunens Ungnade iſt unfläthig
1613 2033 1693 3722 wenn ſie ſo ſtark duftet, wie du ſagſt. Jch werde fer-
1682 2035 1765 3722 derhin keine Fiſche eſſen, die Frau Fortuna bebutterte.
1750 2051 1826 3083 Ich bitte dich, ſteh mir leewärts!
1824 2103 1900 3722 Par. Ei was, Herr, ihr braucht euch die Naſe
1891 2043 1969 3417 nicht zuzuhalten; ich ſprach nur metaphorice.
1960 2110 2038 3719 Narr. Euere Rede metaphorice ſtinkt, Herr; ich
2031 2035 2111 3723 will mir doch die Naſe zuhalten; ich thue das bei Jedem,
2103 2036 2178 3724 der metaphorice redet. Jch bitt' euch, tretet weiter weg
2172 2104 2249 3723 Par. Seid gebeten, Herr, und befreit mich von die-
2239 2067 2311 2420 ſem Papier.
2309 2107 2385 3725 Narr. Puh! Ich bitte dich, ſteh fern! Einem Edel-
2379 2037 2458 3727 mann ein Papier von Fortunens Leibſtuhl zu geben. -
2449 2059 2523 2862 Sieh, da kommt er ſelbſt.
2555 2623 2614 3166 (Le Feu tritt auf.)
2624 2107 2701 3724 Narr. Hier iſt ein Miauen Fortunens, Herr, oder
2693 2036 2770 3726 der Katze - doch keiner Biſamkatze - Fortunens, die
2764 2036 2842 3726 in den unſaubern Fiſchteich ihrer Ungnade gefallen iſt, und
2836 2035 2910 3726 wie der da ſagt, ganz und gar verſchlämmt ward. Ich
2902 2034 2978 3729 bitte euch, Herr, gebraucht den Karpfen wozu er gu
2974 2035 3048 3728 iſt, denn er ſieht aus, wie ein verkommener, ſinnreicher,
3042 2033 3122 3728 närriſcher, ſpitzbübiſcher Schuft. Ich bemitleide ſein Elend
3112 2035 3196 3725 durch mein Troſtlächeln, und überlaſſe ihn euer Gnaden
3247 2100 3325 3726 Par. Herr, ich bin ein Menſch, den Frau Fortuna
3319 2052 3396 2770 jämmerlich zerkratzt hat.
3385 2097 3466 3727 Le Feu. Und was wollt ihr, daß ich dabei thue?
3458 2031 3535 3727 's Iſt zu ſpät, der Fortuna jetzt die Nägel zu beſchneiden.
3529 2032 3604 3726 Wo habt ihr der Fortuna Schurkenſtreiche geſpielt, daß
3598 2030 3672 3725 ſie euch kratzt, ſie, die an und für ſich eine gute Dame
3669 2031 3743 3728 iſt, die nichts weiter will, als daß Schurken nicht unter
3739 2029 3812 3728 ihrem Schutze gedeihen? Hier habt ihr einen Viertel-
3807 2030 3881 3728 kronthaler. Laßt von den Richtern zwiſchen euch und For-
3877 2032 3954 3728 tunen Freundſchaft ſtiften; ich habe andere Dinge zu
3952 2068 4023 2219 thun.
4017 2098 4091 3728 Par. Ich bitte euer Gnaden, nur ein einziges Wert
4088 2055 4162 2634 von mir anzuhören.
4154 2098 4232 3728 Le Feu. Jhr erbettelt einen einzigen Pfennig mehr?
4228 2034 4304 3498 Wohlan, ihr ſollt ihn haben; ſpart euer Wort.
4297 2098 4368 3647 Par. Mein Nahme, gnadiger Herr, iſt Paroles.
4365 2103 4444 3724 Le Feu. So bettelt ihr um Worte, nicht um ein
4435 2032 4509 3726 einziges Wort? Jhr liebäugelt mit meiner Leidenſchaft.
4503 2026 4578 3728 Gebt mir eure Hand. - Wie ſteht's um eure Trommel?
4573 2098 4649 3726 Par. Ach, ehrlicher Herr, ihr waret der Erſte, der
4645 2050 4718 2725 mich ausfindig machte!
4708 2098 4789 3723 Le Feu. War ich's? In der That? So war ich auch
4783 2040 4857 3122 der Erſte, der dich wieder hinwarf.
4851 2091 4927 3725 Par. Jhr habt die Macht, guter Herr, mir einiger-
4922 2022 4998 3726 maaßen wieder zu Gnaden zu helfen, denn ihr brachtet
4993 2054 5062 2424 mich heraus.
5054 2091 5136 3722 Le Feu. Pfui über dich, Schuft! Legſt du mir nicht
5125 2022 5206 3724 zu gleicher Zeit das Amt Gottes und des Teufels bei?
5196 2022 5276 3720 Der Eine bringt dich in Gnaden, der Andere bringt dic
5269 2023 5344 3745 heraus. (Man dort Trompeten.) Der König kommt. Ich
5338 2020 5414 3745 kenne den Trompetenruf. - Burſch, frag ſpäter nach
5405 2019 5485 3745 mir; ich ſchwatzte geſtern abend von dir, und obwohl
5475 2019 5561 3745 du ein Narr und ein Schurke biſt, ſollſt du doch zu eſſen
5551 2040 5624 2890 haben. Geh fort, Geſell!
5617 2101 5692 3101 Par. Jch preiſe Gott für euch.
5706 1971 5763 2104 XII.
5600 3357 5758 3712 (Beide ab.)
