3744 6113
333 10 415 256 Akt V.
321 701 432 2627 König Heinrich der Vierte. II. Theil.
494 469 567 1159 Dritter Auftritt.
591 133 670 1507 Gloſterſhire. Garten hinter Flach's Hauſe.
686 17 755 1691 (Falſtaff, Flach, Stille, Bardolph, Page und Da-
741 90 796 506 vid treten auf.)
808 31 891 1690 Flach. Ei was, ihr ſollt meinen Obſtgarten beſehen,
881 -27 956 1695 wo wir in einer Laube einen Pippinapfel von voriger
946 -25 1025 1692 Erndte und von einem Baume eſſen wollen, den ich ſelbſt
1019 -28 1099 1695 gepfropft habe; dazu eine Schüſſel voll Gebackenes, und
1087 -29 1167 1694 ſo weiter. Komm, Better Stille - und dann zu Bett.
1156 28 1238 1693 Falſt. Wahrhaftig; ihr habt hier eine ſtattliche Woh-
1231 -4 1306 715 nung, und eine köſtliche.
1295 28 1375 1689 Flach. Aermlich, ärmlich, ärmlich; Bettler Alle,
1366 -26 1442 1693 Bettler Alle, Sir John! Die Luft freilich iſt gut. -
1436 -31 1515 1691 Deck auf, David; deck auf, David! Gut ſo, David!
1503 26 1585 1691 Falſt. Dieſer David leiſtet euch gute Dienſte. Er iſt
1575 -15 1650 1047 euer Diener und euer Wirthſchafter.
1643 26 1721 1693 Flach. Ein guter Kerl, ein guter Kerl, ein guter
1713 -34 1792 1695 Kerl, Sir John. - Beim Meßbuche, ich habe zu viel
1785 -32 1861 1694 Sekt beim Efſen getrunken! - - Ein guter Kerl. -
1852 -24 1929 1387 Nun ſetzt euch, ſetzt euch. - Kommt, Vetter.
1924 -3 2006 1589 Stille. Daß dich alle Tauſend! Wir wollen -
2008 628 2068 967 (Er ſingt.)
2074 95 2151 1458 Nichts thun als eſſen und trinken, fürwahr!
2146 95 2220 1413 Und den Himmel preiſen fürs luſtige Jahr.
2211 83 2290 1690 Wenns Fleiſch iſt wohlfeil, wenn's Mägdlein iſt rar,
2285 94 2360 1266 Schwärmen luſtige Burſchen immerdar
2355 295 2429 696 So luſtiglich,
2421 98 2499 1045 Und immer herum ſo luſtiglich!
2508 21 2585 1693 Falſt. Das nenn' ich ein fröhliches Gemüth! Guter
2579 -34 2653 1692 Herr Stille, dafür muß ich gleich eure Geſundheit trinken.
2650 24 2724 1549 Flach. Gieb Wein an Herrn Bardolph, David.
2721 22 2791 1690 Dav. Werther Herr, ſetzt euch. (Bardolpb und
2787 -32 2860 1693 der Page ſetzen ſich an einen andern Tiſch.) Gleich bin ich bei
2855 -32 2932 1693 euch. - Wertheſter Herr, ſetzt euch, Herr Edelknecht;
2924 -31 2999 1693 werther Herr Edelknecht, ſetzt euch - Proſit Was euch
2994 -32 3068 1696 an Speiſen fehlt, ſollt ihr in Getränk bekommen. Ihr
3063 -30 3139 1694 müßt fürlieb nehmen; Alles kommt auf die Geſinnung an.
3136 1486 3192 1626 (ab.)
3180 20 3259 1696 Falſt. Seid luſtig, guter Bardolph - und ihr, mein
3252 -10 3327 928 kleiner Kriegsmann, ſeid luſtig!
3318 26 3395 1695 Stille (ſingend.) Juchhe! Wie All, iſt mein Weib
3391 442 3463 670 zumahl,
3455 89 3538 1594 Denn Weiber ſind zänkiſch, ob breit oder ſchmal;
3528 92 3604 1594 Wo Bärt' oben drauf ſind, iſt's luſtig im Saal,
3599 225 3673 1328 Willkommen, und luſtige Faſtnacht!
3668 238 3739 798 Juchhe! u. ſ. w.
3733 24 3813 1695 Falſt. Ich hätte nicht gedacht, daß Herr Stille ein
3804 -10 3881 921 Mann von ſolchem Feuer wäre.
3870 28 3953 1696 Stille. Wer? Ich? Ei, bin ich wohl ehedem ſchon
3943 -19 4022 1269 zweimahl und noch einmahl luſtig geweſen!
4028 457 4087 1210 (David tritt wieder auf.)
4094 31 4176 1608 Dav. Hier iſt ein Teller mit Pelzäpfeln für euch.
4162 468 4224 1639 (Er ſtellt die Schuſſel vor Bardolph hin.)
4221 56 4295 544 Flach. David!
4264 28 4360 1697 Dav. (zu Bardolph.) Euer Geſtrengen? Gleich bin ich
4357 -10 4431 1128 bei euch. Einen Becher Wein, Herr?
4423 32 4496 1693 Stille (ſingend.) 'nen Becher Wein, der feurig und fein,
4494 99 4569 1329 Trink' ich aufs Wohl der Liebſten mein;
4567 167 4639 1103 Und fröhliches Herz lebt lange.
4635 46 4712 1078 Falſt. Gut geſagt, Herr Stille.
4699 37 4777 1700 Stille. Und wir wollen luſtig ſein - nun bricht die
4775 6 4849 564 holde Nacht herein.
4842 34 4922 1573 Falſt. Heil euch und langes Leben, Herr Stille!
4911 37 4985 1582 Stille (ſingend.) Den Becher füllet mir, ich leere
4980 129 5060 1691 Ihn bis zum Grund, wenn's auch ne Meile wäre!
5052 33 5130 1695 Flach. Ehrlicher Bardolph, ſeid willkommen Wenn
5119 -20 5198 1695 dir etwas abgeht und du forderſt nicht, ſo verwünſche dein
5190 -20 5267 1697 Herz. - Willkommen, mein kleiner winziger Schelm
5260 -14 5331 1700 zum Pagen) - und willkommen alle Beide! - Ich trink's
5329 -17 5406 1695 Herrn Bardolph und allen Cavalieren in und um London zu!
5396 41 5476 1628 Dav. Ich hoffe London zu ſehen, bevor ich ſterbe.
5467 42 5545 1699 Bard. Und ich möchte dich in London ſehen, David.
