3754 6129
322 258 389 414 446
300 965 410 2912 König Heinrich der Vierte. II. Theil.
460 231 535 1523 So müſſen wir des Baues Koſten ſchätzen.
530 230 604 1477 Wenn die nun unſern Beutel überſteigen,
600 228 672 1556 Was thun wir dann, als einen andern Riß
672 233 743 1525 Von mindrem Umfang zeichen, oder ganz
735 223 812 1787 Den Bau nachlaſſen? Mehr bei unſrem Werk noch
807 227 880 1685 - Das faſt ein Reich darnieder reißen iſt, und
878 224 951 1904 Ein andres baun - geziemt's uns, recht den Bauplatz
949 235 1023 1541 Und das Modell des Aufbaus zu beſchaun,
1017 228 1091 1716 Auch wegen ſichren Grunds uns wohl zu ein'gen,
1088 232 1163 1562 Kenner zu Rath zu ziehen; unſern Zuſtand
1157 235 1229 1599 Zu kennen, ob zu ſolchem Werk wir tüchtig,
1226 234 1302 1638 Ob wir dem Gegner Wage halten; ſonſt ſind
1298 234 1370 1545 Wir ſtark nur auf Papier und in Figuren,
1360 230 1436 1774 Und brauchen Menſchennahmen nur ſtatt Menſchen,
1437 232 1506 1747 Gleich dem, der Riß von einem Bau macht, den
1504 237 1577 1603 Er nicht vollführen kann; den halb vollführt
1573 235 1647 1716 Er aufgiebt, und das Halbvollend'te preis giebt,
1645 234 1716 1698 Als nacktes Ding, den thränenſchweren Wolken,
1712 237 1785 1615 Als Raub für ſchurk'ſchen Winters Tyrannei.
1781 308 1856 1798 Haſt. Käm' unſer Hoffen (das ſo ſchön in der
1851 234 1926 1709 Geburt ſteht,) todt zur Welt auch, hätten wir
1925 239 1994 1596 Den letzten Mann von unſerm Harren ſchon,
1990 240 2065 1661 So mein ich doch, wir ſind ſtreitkräftig gnug,
2202 684 2272 897 König?
2265 302 2347 1986 Haſt. Für uns nicht mehr; ja, nicht ſo viel, Mylord.
2341 242 2411 1608 Denn ſeine Schaar, ſo wie die Zeiten toben,
2402 239 2484 1845 Muß dreifach ſein; Ein Heer muß gegen Frankreich,
2480 243 2553 1651 Eins gegen Glendower; mit Noth ein Drittes
2546 242 2630 1685 Ge'n uns ſtehn, und ſo iſt der ſchwache König
2620 245 2693 1522 In drei getheilt, und ſeine Koffer klingen
2686 254 2760 1378 Von hohler Dürftigkeit und Leerheit.
2752 318 2833 1834 Erzb. Daß ſeine Streitkräft er zuſammenzieh',
2826 248 2901 1453 Und mit vereinter Macht uns überfalle,
2896 261 2972 994 Steht nicht zu fürchten.
2966 341 3039 522 Haſt.
2960 1076 3037 1938 Wenn ers thäte, wär ihm
3035 246 3112 1713 Der Rücken ungedeckt; Franzos und Walesmann
3102 246 3179 1840 Bellt ſeinen Ferſen nach dann - fürchtet das nicht!
3186 312 3265 1994 L. Bard. Wer führt wohl gegen uns die Macht des
3261 692 3332 937 Königs?
3328 316 3403 1887 Haſt. Herzog von Lancaſter, und Weſtmoreland;
3400 250 3477 1687 Er ſelbſt und Harry Monmouth gegen Wales;
3470 252 3543 1608 Doch wer's mit Frankreich auſzunehmen hat,
3539 259 3613 1265 Ward mir nicht zuverläſſig kund.
3609 1283 3682 1716 Laßt fort uns,
3610 353 3683 548 Erzb.
3675 252 3747 1593 Und unſres Aufſtands Anlaß uns verkünden.
3747 250 3821 1672 Der Staat liegt krank an ſeiner eig'nen Wahl,
3816 256 3890 1499 Zu vollgeſtopft hat übergier'ge Lieb ihn.
3886 259 3960 1443 Ein ſchwindelhohes und unſichres Haus
3956 253 4029 1590 Hat der, der auf des Pöbels Herzen bauet.
4023 250 4100 1787 Vielköpfig Thier! Welch lauten Beiſall ſchrieſt du
4095 254 4168 1671 Zum Himmel auf, den Bolingbroke zu ſegnen,
4166 256 4238 1582 Eh er das war, was er dir werden ſollte
4234 254 4308 1611 Und jetzt, da dein Verlangen ihn geſchmückt,
4304 255 4378 1670 Biſt, vieh'ſcher Vielfraß, du ſo voll von ihm,
4373 257 4448 1552 Daß du dich ſelber mahnſt ihn auszuſpein.
4442 260 4521 1498 So, du gemeiner Hund, entwürgteſt du
4509 254 4587 1695 Dem eignen Freßſchlund deinen König Richard,
4582 257 4654 1550 Und fräßeſt jetzt gern ausgeſpienen Todten,
4651 251 4727 1863 Nach dem du heulſt. Hat dieſe Zeit noch Glauben?
4719 255 4797 1702 Die, welche Richard's Tod, als Richard lebte,
4789 257 4863 1746 Gewünſcht, ſind jetzt verliebt in Richard's Grab.
4860 254 4935 1850 Du, der du Staub warfſt auf ſein frommes Haupt,
4931 262 5004 1456 Als ſeufzend durch das ſtolze London er
5000 261 5074 1573 Geprieſ'nen Bolingbroke's Fußtritt nachzog,
5346 325 5425 2003 Haſt. Wir ſind der Zeit Lohnknechte; ſie führts
5417 710 5475 892 Wort.
333 10 415 256 Akt V.
321 701 432 2627 König Heinrich der Vierte. II. Theil.
494 469 567 1159 Dritter Auftritt.
591 133 670 1507 Gloſterſhire. Garten hinter Flach's Hauſe.
686 17 755 1691 (Falſtaff, Flach, Stille, Bardolph, Page und Da-
741 90 796 506 vid treten auf.)
808 31 891 1690 Flach. Ei was, ihr ſollt meinen Obſtgarten beſehen,
881 -27 956 1695 wo wir in einer Laube einen Pippinapfel von voriger
946 -25 1025 1692 Erndte und von einem Baume eſſen wollen, den ich ſelbſt
1019 -28 1099 1695 gepfropft habe; dazu eine Schüſſel voll Gebackenes, und
1087 -29 1167 1694 ſo weiter. Komm, Better Stille - und dann zu Bett.
1156 28 1238 1693 Falſt. Wahrhaftig; ihr habt hier eine ſtattliche Woh-
1231 -4 1306 715 nung, und eine köſtliche.
1295 28 1375 1689 Flach. Aermlich, ärmlich, ärmlich; Bettler Alle,
1366 -26 1442 1693 Bettler Alle, Sir John! Die Luft freilich iſt gut. -
1436 -31 1515 1691 Deck auf, David; deck auf, David! Gut ſo, David!
1503 26 1585 1691 Falſt. Dieſer David leiſtet euch gute Dienſte. Er iſt
1575 -15 1650 1047 euer Diener und euer Wirthſchafter.
1643 26 1721 1693 Flach. Ein guter Kerl, ein guter Kerl, ein guter
1713 -34 1792 1695 Kerl, Sir John. - Beim Meßbuche, ich habe zu viel
1785 -32 1861 1694 Sekt beim Efſen getrunken! - - Ein guter Kerl. -
1852 -24 1929 1387 Nun ſetzt euch, ſetzt euch. - Kommt, Vetter.
1924 -3 2006 1589 Stille. Daß dich alle Tauſend! Wir wollen -
2008 628 2068 967 (Er ſingt.)
2074 95 2151 1458 Nichts thun als eſſen und trinken, fürwahr!
2146 95 2220 1413 Und den Himmel preiſen fürs luſtige Jahr.
2211 83 2290 1690 Wenns Fleiſch iſt wohlfeil, wenn's Mägdlein iſt rar,
2285 94 2360 1266 Schwärmen luſtige Burſchen immerdar
2355 295 2429 696 So luſtiglich,
2421 98 2499 1045 Und immer herum ſo luſtiglich!
2508 21 2585 1693 Falſt. Das nenn' ich ein fröhliches Gemüth! Guter
2579 -34 2653 1692 Herr Stille, dafür muß ich gleich eure Geſundheit trinken.
2650 24 2724 1549 Flach. Gieb Wein an Herrn Bardolph, David.
2721 22 2791 1690 Dav. Werther Herr, ſetzt euch. (Bardolpb und
2787 -32 2860 1693 der Page ſetzen ſich an einen andern Tiſch.) Gleich bin ich bei
2855 -32 2932 1693 euch. - Wertheſter Herr, ſetzt euch, Herr Edelknecht;
2924 -31 2999 1693 werther Herr Edelknecht, ſetzt euch - Proſit Was euch
2994 -32 3068 1696 an Speiſen fehlt, ſollt ihr in Getränk bekommen. Ihr
3063 -30 3139 1694 müßt fürlieb nehmen; Alles kommt auf die Geſinnung an.
3136 1486 3192 1626 (ab.)
3180 20 3259 1696 Falſt. Seid luſtig, guter Bardolph - und ihr, mein
3252 -10 3327 928 kleiner Kriegsmann, ſeid luſtig!
3318 26 3395 1695 Stille (ſingend.) Juchhe! Wie All, iſt mein Weib
3391 442 3463 670 zumahl,
3455 89 3538 1594 Denn Weiber ſind zänkiſch, ob breit oder ſchmal;
3528 92 3604 1594 Wo Bärt' oben drauf ſind, iſt's luſtig im Saal,
3599 225 3673 1328 Willkommen, und luſtige Faſtnacht!
3668 238 3739 798 Juchhe! u. ſ. w.
3733 24 3813 1695 Falſt. Ich hätte nicht gedacht, daß Herr Stille ein
3804 -10 3881 921 Mann von ſolchem Feuer wäre.
3870 28 3953 1696 Stille. Wer? Ich? Ei, bin ich wohl ehedem ſchon
3943 -19 4022 1269 zweimahl und noch einmahl luſtig geweſen!
4028 457 4087 1210 (David tritt wieder auf.)
4094 31 4176 1608 Dav. Hier iſt ein Teller mit Pelzäpfeln für euch.
4162 468 4224 1639 (Er ſtellt die Schuſſel vor Bardolph hin.)
4221 56 4295 544 Flach. David!
4264 28 4360 1697 Dav. (zu Bardolph.) Euer Geſtrengen? Gleich bin ich
4357 -10 4431 1128 bei euch. Einen Becher Wein, Herr?
4423 32 4496 1693 Stille (ſingend.) 'nen Becher Wein, der feurig und fein,
4494 99 4569 1329 Trink' ich aufs Wohl der Liebſten mein;
4567 167 4639 1103 Und fröhliches Herz lebt lange.
4635 46 4712 1078 Falſt. Gut geſagt, Herr Stille.
4699 37 4777 1700 Stille. Und wir wollen luſtig ſein - nun bricht die
4775 6 4849 564 holde Nacht herein.
4842 34 4922 1573 Falſt. Heil euch und langes Leben, Herr Stille!
4911 37 4985 1582 Stille (ſingend.) Den Becher füllet mir, ich leere
4980 129 5060 1691 Ihn bis zum Grund, wenn's auch ne Meile wäre!
5052 33 5130 1695 Flach. Ehrlicher Bardolph, ſeid willkommen Wenn
5119 -20 5198 1695 dir etwas abgeht und du forderſt nicht, ſo verwünſche dein
5190 -20 5267 1697 Herz. - Willkommen, mein kleiner winziger Schelm
5260 -14 5331 1700 zum Pagen) - und willkommen alle Beide! - Ich trink's
5329 -17 5406 1695 Herrn Bardolph und allen Cavalieren in und um London zu!
5396 41 5476 1628 Dav. Ich hoffe London zu ſehen, bevor ich ſterbe.
5467 42 5545 1699 Bard. Und ich möchte dich in London ſehen, David.
63 371 133 525 716
51 1502 134 2653 Troilus und Kreſſida.
206 343 281 1584 Nein, dieſer dreifach beſſre, tapfre Held
275 339 350 1704 Darf ſchonerrungne Palme nicht ſo ſchäd'gen,
341 338 420 1850 Darf, geht es mir nach , nimmer ſein Verdienſt,
415 341 491 1816 Das völlig dem Achill's gleicht, ſo entwürd'gen,
485 344 559 1629 Daß zum Achill er geht: das hieße dieſem
554 344 629 1570 Den überfetten Hochmuth ſpicken, mehr
626 338 697 1818 Der Kohlen legen an den Thierkreiskrebs, wenn
693 341 772 1808 Er brennt zur Luſt Huperion's, des Erhabnen.
763 335 842 1931 Der Held zu ihm gehn? Woll' es Zeus verhüten,
836 341 910 1787 Und donnernd ſprechen: ,Geh Achill zu ihm!“
904 404 981 2087 Neſt. (beiſeit.) Recht ſo! Das hieß ſein Innerſtes ge-
985 787 1054 994 troffen.
1040 405 1141 2083 Diom. (beiſeit.) Und wie ſein Schweigen dieſen Lob-
1118 782 1188 1283 trank einſchlürft!
1178 407 1266 2083 Ajax. Wenn ich zu ihm gehe, ſo ſchlag' ich ihn mit
1254 348 1337 1570 meiner bewaffneten Fauſt über's Geſicht.
1321 416 1410 1757 Agam. Nein, nein; du ſollſt nicht gehn.
1386 405 1478 2082 Ajax. Und thut er ſtolz mit mir, rupf' ich den Stolz
1475 795 1543 926 ihm.
1544 364 1617 926 Laßt mich zu ihm!
1593 413 1686 2079 Ulyſſ. Nicht für den Preis, um den wir Alle kämpfen
1671 418 1754 1731 Ajax. Ein lump'ge, frecher Burſch!
1732 1536 1810 2056 Wie er ſich ſelbſt
1754 436 1822 883 Neſt.  (beiſeit.)
1826 371 1891 688 Beſchreibt!
1876 420 1965 1698 Ajax. Kann der nicht freundlich ſein?
1965 435 2033 923 Ulyſſ. (beiſeit.)
2031 366 2103 930 Schilt's Schwarze.
1943 1720 2008 2020 Der Rabe
2086 941 2155 1770 Seine Launen ſollen bluten.
2103 443 2174 632 Ajax.
2149 412 2245 2085 Agam. (beiſeit.) Er will der Arzt ſein, und iſt ſelbſt
2243 371 2302 723 der Kranke.
2295 416 2384 1793 Ajax. Wären alle nur meiner Meinung
2362 409 2453 2083 Ulyſſ. (beuſeit.) Dann wäre der Verſtand bald außer
2455 374 2512 561 Mode.
2505 419 2593 1621 Ajax. Nicht ging's ihm dann ſo hin!
2565 341 2659 2051 Erſt müßt er Schwerder freſſen. Solls ſein Hochmuth
2656 366 2737 912 Ferner ſo treiben?
2708 419 2799 1801 Neſt. (beiſeit.) Zur Hälfte treibt er dich
2775 1605 2852 2053 Wohl zehnfach.
2800 435 2868 927 Ulyſſ. (beiſeit.)
2847 403 2940 2085 Ajax. Ich will ihn kneten, will ihn ſchmiegſam machen.
2919 409 3007 2087 Neſt. (heimlich zu Ulvſſ.) Noch iſt er nicht ganz prall;
2995 791 3073 1363 ſtopf ihn mit Lobe.
3055 344 3149 1979 Schenk ein, ſchenk ein; ſein Ehrgeiz iſt noch durſtig!
3125 413 3219 2089 Ulyſſ. (zu Agamemn.) Du nährſt, Herr, dieſen
3205 784 3283 1314 Unmuth allzuſehr.
3270 426 3352 1717 Neſt. Thu's nicht, mein edler Feldherr.
3331 414 3419 1943 Diom. Bereit ſei, ohne den Achill zu kämpfen.
3401 413 3499 2085 Ulyſſ. Ei, was ihn ſchmerzt, iſt, daß wir den noch
3504 794 3550 1011 nennen.
3542 346 3638 1937 Hier ſteht ein Mann. - Doch das ins Antlitz ihm?
3635 368 3707 1031 Ich ſchweige drum -
3681 1074 3760 1896 Weswegen wolltſt du das?
3706 453 3773 623 Neſt.
3760 363 3844 1400 Er iſt nicht ehrengierig wie Achill.
3820 415 3914 2081 Ulyſſ. Wiſſ' es die ganze Welt - er iſt ſo tapfer
3890 417 3985 2045 Ajax. Ein hünd'ſcher Hurenſohn will ſo uns äffen?
3973 363 4054 1311 Ich wollt', er wär' ein Troer!
4032 1276 4107 1770 Welch ein Laſter
4055 452 4120 625 Neſt.
4117 370 4193 1059 Wär's jetzt in Ajax -
4171 1061 4248 1825 Wenn er ſtolz ſich wieſe?
4196 451 4264 658 Ulyſſ.
4245 431 4331 1495 Diom. Ja, oder lobesſüchtig -
4306 1506 4384 2019 Oder launiſch -
4334 451 4402 671 Ulyſſ.
4382 430 4475 1678 Diom. Fremdthuend oder ſelbſtgefällig
4448 1693 4509 1848 Dank
4474 456 4536 662 Ulyſſ.
4522 356 4613 1767 Dem Himmel, Aiax, du biſt ſanften Weſens;
4588 352 4684 1918 preis ihm, der dich erzeugt', ihr, die dich ſäugte;
4661 355 4755 1821 Preis deinem Lehrer, dreifach Preis den Gaben,
4738 368 4813 1373 Die über alle Lehre dich erheben!
4798 364 4891 1519 Dem aber, der in Waffen dich geübt,
4869 363 4960 1629 Dem theile Mars die Ewigkeit ins Halbe,
4941 360 5033 1786 Und geb' ſie ihm; und was die Kraft anlangt,
5015 364 5099 1504 Muß Ochſenträger Milo ſeinen Ruhm
5081 361 5170 1652 Dem ſehn'gen Aiax laſſen; deine Weisheit,
5147 361 5236 1701 Die einem Wegpfabl, Steg und Ufer gleich,
5226 364 5308 1507 Die räum'gen, ausgebreiteten Talente
5286 355 5375 1854 Dir abſtect, preiſ ich nicht. Sieh Neſtor hier!
5359 356 5453 1670 Belehrt durch Zeitaufſpeichrung iſt er weiſe,
417 67 505 310 Akt V.
407 1131 489 2312 Troilus und Kreſſida
558 91 631 1705 Troil. Soll ich dir, Herr, ſo ſehr verbunden ſein,
628 39 705 1413 Daß du, wenn wir von Agamemnon ſcheiden,
700 61 775 504 Mich hinführſt?
763 518 839 1377 Zu befehlen haſt du, Prinz.
775 132 842 333 Ulyſſ.
834 38 912 1547 Gleich freundlich mir, ſag' mir, in welchem Rufe
905 45 978 1241 Stand Kreſſida zu Troja? Lebt ihr kein
974 42 1046 1333 Geliebter dort, der um ihr Fernſein klagt?
1044 91 1118 1757 Troil. Spott werde denen, Herr, die ihre Wunden
1113 38 1192 1492 So prunkend zeigen! Willſt du jetzt vorangehn?
1183 38 1258 1538 Sie liebt' , und liebt; ſie ward und wird geliebt:
1251 40 1337 1416 Dem Schickſalezahn ſtets Liebe Nahrung giebt.
1333 1291 1388 1627 (Beide ab.)
1547 413 1643 1346 Fünfter Aufzug.
1685 558 1758 1202 Erſter Auftritt.
1783 120 1861 1647 Das griechiſche Lager. Vor dem Zelt Achill's.
1883 261 1939 1515 (Alchilles und Patroklos treten auf.)
1964 89 2041 1758 Achill. Heut Nacht ſoll griech'ſcher Wein ſein Blut
2037 461 2110 705 erhitzen;
2104 37 2181 1691 Ich kühls ihm morgen dann mit meinem Schwerd. -
2175 47 2252 1304 Patrotlos, laß uns köſtlich ihn bewirthen.
2261 105 2334 1052 Patr. Hier kommt Therſites.
2363 523 2422 1249 (Tderſites tritt auf.)
2433 117 2506 347 Achill.
2431 996 2509 1742 Nun, du Neidgeſchwür?
2499 47 2579 1353 Du kruſtiges Naturgemächt - was Neues?
2573 82 2645 1758 Therſ. Da, du Abbild von dem was du ſcheinſt,
2641 37 2716 1762 Du Idol einfältiger Verehrer: da iſt ein Schreiben an
2714 77 2780 172 Dich.
2778 98 2854 1288 Achill. Von wannen, du Fragment?
2845 92 2924 1514 Therſ. Von Troja, du voue Narrenſchüſſel.
2918 98 2993 1251 Patr. Wer hält Wache vorm Zelt?
2989 93 3062 1336 Therſ. Leinwand und Stricke thun es.
3054 85 3132 1762 Patr. Wohl geſprochen, Scheuſal Wozu dieſe Al-
3129 75 3198 367 bernheiten?
3192 88 3270 1766 Therſ. Ich bitte dich, ſchweig, Kerl! Ich kann aus
3263 41 3339 1768 einem Gewäſche nichts lernen. Man hält dich für eine
3335 62 3409 919 männliche Bedienung Achill's.
3402 81 3479 1769 Patr. Männliche Bedienung, du Schuft? Was heißt das?
3474 83 3546 1767 Therſ. Nun, ſeine männliche Hure. Möchten doch
3541 42 3616 1768 alle faulen Seuchen des Südens, darmkneipende Brüche,
3614 43 3688 1769 Katarrhe, Rückenmarkezehrungen, Schlafſucht, kalte Schlag-
3684 43 3756 1769 lüſſe, Triefaugen, verſchleimte Lebern, keuchende Lungen,
3753 43 3825 1770 itervolle Blattern, der Wurm in der Flachhand, unheil-
3819 49 3895 1771 barer Knochenfraß und das juckende Freilehn der Krätze
3892 45 3964 1765 lche ſodomitiſche Aufdeckereien holen und abermahls holen!
3961 78 4035 1766 Patr. Ei, du verdammenswerthe Neidbüchſe, du
4032 62 4105 1100 Was ſoll dies Verfluchen bedeuten?
4101 98 4176 1060 Therſ. Verfluch' ich dich?
4163 79 4244 1769 Patr. Das nicht, du zertrümmerte Bütte, du er-
4236 58 4314 1406 urter, ununterſcheidbarer Hund Das nicht.
4306 78 4382 1768 Tberſ. Nicht? Warum ergrimmſt du denn, du
4376 47 4458 1772 nichtsnutige, ſtoffloſe Flockſeide! Du grüner Sarſinetlap-
4446 49 4522 1767 pen für ein krankes Auge! Du Quaſt an eines Ver-
4516 48 4587 1767 bwenders Geldbeutel, du? Ach! Wie wird die arme
4584 48 4662 1768 Zelt durch ſolche Waſſerfliegen, durch ſolche Naturwin-
4657 78 4734 661 gkeiten heimgeſucht.
4727 103 4801 856 Patr. Hinaus, Galle!
4798 101 4871 789 Therſ. Finken Ei!
4860 76 4943 1768 Achill. Patrokles, Freund, gehemmt iſt ſchier mein
4939 470 5007 672 Vorſatz
4998 62 5079 1356 u großen Thaten morgen in der Schlacht.
5071 60 5148 1428 in Schreiben hier von Hekuba, der Kön'gin,
5140 61 5215 1355 nd ein Geſchenk von ihrer holden Tochter:
5212 64 5283 1268 die tadeln Beide mich und mahnen mich
5279 64 5353 1378 n meinen Eid. Nicht brechen will ich ihn,
5349 60 5427 1483 allt, Griechen! Schwinde, Ruhm! Du Ehre,
5417 60 5494 1453 eh oder bleib! Hier liegt mein Hauptgelübd;
5485 53 5568 1771 hm folg' ich. (Zu Tverſites.) Du, richt ein mein Zelt
5557 468 5629 832 mit Pracht;
5621 68 5705 1386 ie ganze Nacht ſei im Bankett durchwacht.
5698 987 5753 1657 (Ab mit Patroklos.)
5699 86 5774 711 ehn wir, Patroklos.
295 366 365 519 658
278 1836 399 2286 Hamlet,
430 399 524 2070 Haml. Euch meine Lieb', als eure mir - fahrt wohl
497 1007 555 2064 (Alle, außer Hamlet, gehen ab.)
565 406 641 2080 Haml. (allein.) In Waffen meines Vaters Geiſt?
638 784 705 1123 Nicht wohl
704 337 781 2079 Steht Alles. Falſches Spiel ahnt mir. Wär's Nacht doch!
776 344 850 1805 Bis dahin ſtill, Herz! Böſes Thun wird kund,
845 338 923 2062 Läg's auch verſteckt in Erdballs tiefſtem Schlund! (ab.)
981 872 1056 1551 Dritter Auftritt.
1082 628 1159 1797 Gemach im Hauſe des Oberkämmerers.
1181 637 1238 1787 (Laertes und Ophelia treten auf.)
1265 412 1343 1962 Laert. Mein Reiſezeug iſt eingeſchifft; lebwohl
1336 346 1409 1802 Und, Schweſter, wenn die Winde günſtig ſind,
1407 345 1482 1804 Uund Schiffsgelegenheit ſich beut, ſo ſchlaf nicht,
1476 363 1549 1047 Laß von dir hören. -
1548 444 1616 615 Oph.
1543 1060 1615 1654 Zweifelſt du daran?
1613 409 1689 2012 Laert. Was Hamlet und ſein Liebeln mag betreffen,
1681 345 1760 1803 So halts für Mod' und Spielwerk im Geblüt;
1752 343 1828 1831 Für'n Veilchen in der Frühlingszeit der Jugend,
1821 339 1903 1980 Vorzeitig, doch nicht bleibend; hold, nicht dauernd;
1891 344 1968 1649 Für Duſt und Nahrung eines Augenblicks;
1963 364 2035 906 Für nichts mehr.
2030 416 2106 1611 Oph. Für nichts mehr, als das?
2097 1536 2177 2054 Für nichts mehr;
2105 436 2162 655 Laert.
2169 339 2244 1863 Denn die Natur im Wachſen nimmt nicht zu bloß
2241 343 2313 1672 An Sehnenkraft und Umfang: ſo wie dieſer
2307 342 2382 1717 Tempel heranwächſ't, dehnt der innre Dienſt
2378 336 2452 1875 Der Seel' und des Gemüths ſich auch. Vielleicht
2450 337 2524 1871 Liebt er dich jetzt; nicht Lug, noch Trug beſudelt
2518 337 2593 1803 Jetzt ihm des Willens Reinheit: dennoch fürchte
2590 340 2662 1700 Von ſeiner Hoheit Laſt! Nicht eigen iſt ihm
2657 335 2732 1942 Sein Will'; er ſelbſt hängt ab von ſeinem Stande.
2727 340 2800 1609 Nicht für ſich ſelber wählen darf er, wie
2797 341 2874 1562 Unſtandesmäß'ge; denn auf ſeiner Wahl
2866 337 2939 1644 Beruhen Wohl und Sicherheit des Staats,
2937 339 3014 1639 Und darum muß er ſeine Wahl beſchränken
3005 335 3079 1799 Nach Stimm' und Aufgebot von jenem Rumpf,
3074 329 3152 2040 Deß Haupt er iſt. Dann, wenn er ſagt, er liebt dich,
3147 335 3221 1795 Ziemt's deiner Klugheit, ſofern nur zu glauben,
3217 337 3291 1650 Als er bei freiem Thun in ſeiner Stellung
3283 329 3361 2028 Sein Wort wahrmachen kann; das heißt, nicht weiter,
3354 337 3429 1607 Als Dänmarks allgemeine Stimme reicht.
3427 336 3497 1602 Dann denke des Verluſts an deiner Ehre,
3491 336 3573 1749 Wenn ſeinem Sang zu gläubig Ohr du leihſt:
3563 335 3639 1664 Du büßeſt dann dein Herz ein, oder öffneſt
3634 333 3710 1751 Der Keuſchheit Schatz vor üpp'gem Ungeſtüm.
3702 329 3780 1865 Fürcht es, Ophelia, fürcht es, theure Schweſter,
3775 337 3849 1612 Und halte dich zurück mit deiner Neigung,
3843 336 3917 1573 Und außer dem Gefahrſchuß der Begier.
3913 331 3988 1787 Verſchwendriſch gnug ſchon iſt die keuſche Maid,
3983 329 4056 1822 Wenn ihre Schönheit ſie dem Mond' entſchleiert:
4050 328 4138 1887 Selbſt Tugend kann der Schmähung nicht entgehn;
4123 326 4199 1861 Der Wurm frißt ſelbſt an Lenzes zartſten Kindern,
4191 335 4269 1519 Oft eh' ſie ihre Kelche noch erſchloſſen;
4260 328 4339 1794 Und für die Pflanz' im Morgenthau der Jugend
4331 334 4405 1499 Iſt gift'ger Anhauch am gefährlichſten.
4402 327 4476 1812 Behutſam drum! Furcht ſei dir beſte Freundin!
4471 328 4546 1725 Jugend iſt feind ſich ſelbſt, ohn' alle Feindin.
4539 396 4615 1948 Oph. Den Eindruck dieſer guten Lehre wahr' ich
4607 322 4686 1950 Als Wächtrin meines Herzens. Doch, mein Bruder,
4679 324 4756 1818 Thu nicht, wie manch' unwürd'ge Prieſter thun;
4748 325 4825 1850 Zeig nicht den ſteilen Dornweg mir zum Himmel,
4819 327 4894 1676 Indeß du ſelbſt, als ſorglos ſtolzer Lüſtling,
4889 325 4963 1782 Den Blumenpfad der Buhlſchaft wandelſt, und
4959 334 5033 1318 Dem eignen Rath nicht folgſt.
5025 1267 5104 1861 Für mich ſei ruhig.
5029 420 5085 643 Laert.
5095 324 5170 1721 Zu lange weil' ich - doch der Vater kommt.
5182 820 5237 1555 (Polonius tritt auf.)
5254 394 5330 1799 Laert. Ein Doppelſegen iſt ein Doppeltheil.
5322 327 5397 1613 Gelegenheit beut lächelnd zweiten Abſchied.
5392 388 5471 2061 Pol. Noch hier, Laertes? Ei, zu Schiff! zu Schiff!
5460 323 5541 1723 Der Wind bläſ't in die Weichen eurer Segel;
5530 321 5608 1980 Auch harrt man dein. Nimm meinen Segen mit dir,
5596 579 5663 1794 (Er legt ſeine Hand auf des Sohnes Haupt.)
347 12 421 284 Akt II.
336 1137 445 2292 Prinz von Dänemark.
492 -23 567 1726 wie zur Zeit, als ich die Stadt verließ? Haben ſie noch
565 6 634 528 denſelben Zulauf?
630 52 705 1509 Roſ. Nein, in der That, den haben ſie nicht.
703 47 776 1472 Haml. Wie kommt das? Werden ſie roſtig?
770 42 843 1727 Roſ. O nein, ihr Bemühen hält noch den gewohn-
840 -22 917 1724 ten Schritt; aber ſeht nur, Prinz, da iſt ein Neſt von
910 -26 983 1724 Kindern, von kleinen Aufſchößlingen, welche ſchreien, als
979 -24 1051 1726 ob ſie am Spieße ſteckten, und die werden raſend be-
1049 -25 1124 1723 klatſcht. Dieſe ſind jetzt Mode, und rumoren auf den
1120 -23 1191 1725 Volkstheatern - ſo nennen ſie ſie - dergeſtalt herum,
1187 -23 1262 1727 daß Viele, obſchon ſie Degen tragen, ſich vor Gänſekie-
1259 -13 1330 1314 len fürchten, und ſich kaum dorthin wagen.
1326 38 1400 1726 Haml. Was? Kinder ſind es? Wer erhält ſie? Wie
1397 -25 1466 1726 werden ſie beſoldet? Wollen ſie ihrem Gewerbe nicht län-
1467 -24 1539 1724 ger nachgehen, als ſie ſingen konnen? Wollen ſie, im
1534 -25 1611 1722 Fall ſie zu Volksſchauſpielern heranwachſen, (welches doch
1605 -24 1679 1726 wahrſcheinlich iſt, ſobald ihre Mittel ſich nicht verbeſſern,)
1676 -24 1749 1724 nicht ſpäterhin ſagen, die Schauſpieldichter thun ihnen
1747 -23 1820 1725 Unrecht, ſie gegen ihr eigenes Fortkommen ſchreien zu
1817 13 1889 202 laſſen?
1883 38 1956 1725 Roſ. Traun, es hat vielen Lärm auf beiden Seiten
1951 -25 2026 1726 geſetzt, und das Volk hält's für keine Sünde, ſie zum
2021 -24 2095 1728 Streit gegen einander zu zerren. Für ein Stück war
2090 -23 2165 1726 längere Zeit hindurch kein Geld zu bekommen, wenn Poet
2161 -21 2236 1617 und Schauſpieler einander nicht in den Haaren lagen.
2230 61 2304 833 Haml. Iſt es möglich?
2300 40 2375 1655 Gyld. O, es hat gewaltige Wortgefechte gegeben.
2372 42 2443 1483 Haml. Tragen die Kinder den Sieg davon?
2441 42 2517 1727 Roſ. Wirklich, Herr; und den Herkules ſammt ſei-
2511 2 2580 570 ner Laſt obendrein.
2577 38 2654 1725 Haml. Das iſt nichts Außerordentliches; denn mein
2648 -17 2721 1728 Oheim iſt König von Dänemark, und Diejenigen, die
2717 -23 2791 1724 ihm ſchiefe Mäuler machten, als mein Vater noch lebte,
2789 -23 2861 1728 geben jetzt zwanzig, vierzig, funfzig, ja, hundert Gold-
2858 -21 2928 1729 ſtücke für ſein Bildnis im Kleinen. Zum Wetter, es
2927 -22 3002 1729 ſteckt hierin etwas mehr als Natürliches, wenn Philoſo-
2997 -5 3070 975 phie es nur herausfinden könnte.
3093 487 3150 1201 (Trompeten von außen.)
3163 55 3237 1105 Gyld. Da ſind die Schauſpieler.
3235 44 3307 1724 Haml. Ihr Herren, ſeid willkommen in Helſingoer.
3304 -20 3376 1724 Eure Hände! Kommt! Der Zubehör des Willkommens
3373 -21 3447 1724 iſt Mode und Förmlichkeit. Laßt mich euch auf dieſe Weiſe
3443 -21 3517 1719 begrüßen, damit mein Benehmen gegen die Schauſpieler,
3511 -23 3587 1723 welches, ſog' ich euch, doch ein ſtattliches Aeußeres zei-
3581 -23 3657 1723 gen muß, euch nicht beſſerer Empfang bedünke, als der,
3653 -22 3725 1724 welchen ich euch bot. Ihr ſeid willkommen; aber mein
3723 -22 3798 1728 Ohm Vater und meine Muhme Mutter haben ſich ge-
3791 15 3861 216 täuſcht.
3860 56 3932 1083 Gyld. Inwiefern, mein Prinz?
3930 38 4008 1727 Haml. Ich bin nur toll bei Nord-Nord-Weſt; ſo-
3998 -23 4074 1726 bald der Wind ſüdlich iſt, unterſcheide ich einen Eſel von
4067 5 4142 635 einem Lautenſchläger.
4174 499 4230 1195 (Polonius tritt auf.)
4242 59 4316 1013 Pol. Heil euch, ihr Herren!
4308 -15 4388 1726 Haml. Hört, Gyldenſtiern - und auch ihr - an
4382 -22 4460 1757 jedem Ohr ein Hörer: das große Kindlein, das ihr dort
4453 -16 4525 1535 ſeht, iſt noch nicht aus ſeinen Windeln gekommen.
331 3253 446 3446 665
5706 1613 5775 1832 aXXIX
357 -7 433 304 Akt III.
350 1105 456 2249 Prinz von Dänemark.
504 10 580 1698 Haml. O, guter Horaz, ich will des Geiſtes Worte für
572 -34 649 1432 Tauſende werth erachten. Haſt du's beobachtet?
643 28 716 1015 Hor. Allerdings, mein Prinz.
714 14 786 1543 Haml. Als die Rede auf das Vergiften kam -
779 13 857 1550 Hor. Ich habe ihn ſcharf aufs Korn genommen.
852 8 928 1696 Haml. Aha! - Auf! Macht Muſik! Ihr mit den
918 395 994 729 Flöten! -
1003 16 1082 1314 Misfiel dem Könige des Schauſpiels Witz,
1076 14 1152 1658 Ei nun! Vielleicht - - gefiel's ihm nicht, potz Blitz!
368 327 443 483 768
513 301 590 1565 Wie ſie in Rom wild und unbändig ſind,
585 305 650 1413 Und keine Liebesmitbewerber dulden?
357 1520 446 2536 Titus Anronicus.
651 298 731 1697 Ich ſag' euch, Prinzen, dieſer Anſchlag führt
728 319 796 936 Nur euren Tod her.
793 995 864 1650 Aaron, tauſend Tode
799 396 867 594 Chir.
861 302 939 1722 Stürb' ich, erräng ich ſie nur, die ich liebe.
932 386 1008 1120 Aar. Erränge? Wie?
999 1029 1073 2039 Was machſt du das ſo ſeltſam?
1010 397 1069 587 Dem.
1071 294 1149 1910 Sie iſt ein Weib, drum kann man um ſie werben;
1142 300 1218 1792 Sie iſt ein Weib, drum kann man ſie erringen;
1209 302 1286 1582 Sie iſt Lavinia, drum muß ich ſie lieben.
1278 295 1358 1864 Menſch, mehr des Waſſers, als der Müller weiß,
1349 293 1426 1970 Schlüpft an der Mühle hin; und leicht, wir wiſſen's,
1419 297 1497 1828 Stiehlt man von angeſchnittnem Brot ein Stück.
1489 299 1566 1820 Sei auch Baſſian des Kaiſers Bruder, trug doch
1560 304 1638 1855 Manch Beſſrer ſchon das Brandmaal des Vulkan.
1626 364 1703 2049 Aar. (beiſeit.) Ja, und ſo gut, als Saturnin es trägt.
1701 367 1772 1930 Dem. Wie ſollte der verzagen, der mit Worten,
1770 303 1842 1700 Mit Gluthblick und Geſchenk zu buhlen weiß?
1840 303 1918 1672 Haſt du nicht oft ein Reh erlegt und keck es
1909 305 1981 1598 Vor des Waldhüthers Naſe weggeſchleppt?
1976 368 2053 1859 Aar. Aha! Ein Kniffchen, oder ſo dergleichen,
2051 318 2126 1125 Scheint euch hier rathſam.
2117 1166 2191 1816 Rathſam, allerdings.
2124 399 2196 595 Chir.
2187 385 2262 1243 Dem. Aaron, du trafſts.
2226 1105 2334 2029 Ich wollt', ihr hättets ſchon,
2266 402 2322 562 Aar.
2325 308 2397 1509 So wären des Gelärms wir überhoben.
2392 296 2474 1955 Doch hört! Hört mich! Seid ihr denn ſolche Thoren,
2465 303 2545 1639 Darob zu hadern? Nehmt ihr Anſtoß dran,
2536 318 2612 1009 Wenn's Beiden glückt?
2613 401 2685 593 Chir.
2602 1067 2680 1691 Ich nicht, fürwahr!
2685 400 2742 585 Dem.
2718 308 2826 1321 So ich von Beiden Einer bin.
2824 400 2880 563 Aar.
2671 1567 2748 2020 Ich auch nicht,
2811 1303 2888 1802 So ſchämt euch,
2884 297 2965 1779 Seid Freund' und werdet Eins zu eurem Zweck.
2952 300 3028 1615 Liſt und Gewandtheit müſſen das bewirken,
3022 295 3102 1835 Was ihr erſtrebt; und drum müßt ihr beſchließen,
3092 295 3172 1860 Das, was ihr nicht nach Wunſch vollführen könnt,
3165 297 3240 1763 Gewaltſam, wie's denn gehn will, zu bewirken.
3233 298 3309 1665 Wißt aber: keuſcher war Lukrezia nicht, als
3303 303 3382 1433 Lavinia, die Geliebte des Baſſian iſt.
3371 302 3451 1615 Ein ſchnellrer Lauf als zögernd Sehnen iſt
3442 295 3523 1754 Hier zu betreiben, und ich fand die Bahn aus.
3511 300 3591 1662 Ein feſtlich Jagen, Prinzen, ſteht im Werk,
3581 301 3658 1605 Zu dem die röm'ſchen Schönen ſich geſellen.
3650 296 3734 1667 Der Forſt dehnt weit ſich und geräumig aus,
3721 297 3798 1644 Und in ihm giebt's viel unbeſuchte Stellen,
3791 297 3867 1690 Zu Raub und Nothzucht von Natur geeignet.
3864 302 3940 1495 Dahin verlockt denn dieſe zarte Hindin,
3926 289 4014 2042 Und zwingt's, wenn nicht durch Wort, ihr durch Gewalt ab;
3999 293 4078 1817 So nur, nicht anders, blüht euch Hoffnung hier.
4069 286 4149 2042 Kommt, kommt zur Kaiſrin, ihrem gift'gen Scharfſinn,
4140 297 4215 1614 Der Bosheit und der Rachgier Heiligthum,
4208 291 4284 1770 Werd' Alles kund, was wir im Schilde führen;
4276 291 4357 1901 Sie ſoll die Werkzeug' uns durch Rathſchlag glätten,
4348 293 4423 1721 Der nimmer dulden wird, daß ihr euch zankt,
4420 296 4498 1672 Der euch vielmehr zu Wunſches Gipfel leitet.
4492 296 4564 1628 Des Kaiſers Hof iſt gleich der Fama Haus,
4560 293 4636 1723 Voll ſein Palaſt von Zungen, Augen, Ohren;
4625 287 4711 2043 Der Forſt iſt grauſam, furchtbar, taub und ſchweigſam:
4698 289 4779 1956 Dort, muntre Burſche, ſprecht und trefft und bübelt,
4767 288 4846 1911 Dort fröhnt der Luſt, vorm Himmelsaug' beſchattet,
4837 303 4917 1442 Und ſchwelget in Laviniens Schatz -
4907 357 4989 2039 Chir. Dein Rath, Geſell, läßt nichts von Feigheit wittern.
4977 362 5052 1992 Dem. Sit ſas aut nefas, bis den Strom ich finde,
5048 290 5124 1960 Der dieſe Gluth kühlt, Zauber, der die Brunſt ſtillt,
5119 308 5197 1240 Per Styga, per manes vehor.
5234 727 5308 1604 Zweit er Auftritt.
5133 1703 5191 1959 (Alle ab.)
5321 290 5409 2043 Ein Forſt unweit Roms. In der Ferne ſieht man ein
5394 409 5476 1924 Jägerhaus. Hörnerſchall und Hundegebell werden
5463 1058 5539 1259 gehört.
5544 339 5612 2045 (Titus Andronicus, mit Jägern u. ſ. w., Marcus,
5595 397 5658 1808 Lucius, Quintus und Martius treten auf.)
5663 361 5742 2038 Tit. Die Jagd iſt los, hell iſt und grau der Morgen,
374 371 443 522 778
359 1571 443 2550 Titus Andronicus.
512 369 586 3296 Bauer. Ja wohl, ſobald eure Frauenſchaft kaiſerlich iſt. Den Gothen dieſen Lucius zu entreißen.
580 368 656 3318 Tam. Die Kaiſrin bin ich, doch iſt dort der Kaiſer. Jetzt, holder Kaiſer, blicke wieder froh;
368 3468 445 3714 Akt V.
651 368 727 3387 Bauer. Er iſt's. Gott und Sankt Stephan mögen Begrabe deine Furcht in meinem Anſchlag.
718 291 820 3732 euch einen guten Abend verleihen! Ich habe euch hier Sat. So geh denn hin, und überred ihn glücklich
789 3401 845 3643 (Alle ab.)
789 329 865 2102 ein Schreiben und auch ein Paar Tauben zu bringen.
928 763 1001 1610 und henkt ihn augenblicklich!
999 408 1069 1634 Bauer. Wie viel Geld ſoll ich haben?
975 2455 1071 3377 Fünfter Aufzug.
1066 404 1138 1788 Tam. Ei was, Burſch! Du wirſt gehenkt.
1192 285 1311 3777 ich meinen Hals zu einem schönen Endchen heranwachſen
1274 1019 1334 1584 (Er wird abgefülrt.)
1284 366 1350 550 laſſen!
1299 2015 1404 3603 Luc. Erprobte Krieger und mir treue Freunde!
1416 343 1486 1451 Erduld ich dieſe ungeheure Bosheit?
1463 2023 1541 3404 Sie melden, wie das Volk den Kaiſer haßt,
1485 335 1561 1683 Ich weiß, von wannen dieſer Anſchlag kam;
1554 335 1628 1705 Iſt's auszuhalten? - Gleich als wären ſeine
1624 343 1694 1432 Verrätherſöhne, die geſetzlich ſtarben
1690 332 1765 1825 Als Mörder unſers Bruders, ſonder Rechtsſpruch
1532 2023 1607 3369 Und wie es ſich nach unſerm Anblick ſehnt.
1600 2016 1681 3663 Drum, edle Mannen, ſeid, wie's euer Ruhm heiſcht,
1672 2024 1750 3365 Gebietriſch und empſindlich gegen Schmach:
1740 2023 1819 3388 Und wo euch Rom allweg hat Leids gethan,
1765 338 1836 1651 Geſchlachtet! Bei den Haaren ſchleppt mir
1886 2014 1960 3738 ſ1. Gothe. Vieltapfrer Sproß des großen Andronicus
1902 337 1978 1700 Dergleichen ſchützen! Für dies ſtolze Höhnen
1973 331 2046 1859 Will ich dein Henker werden, Schlauwahnwitz'ger,
2042 333 2116 1838 Der du mich groß zu machen halfſt , in Hoffnung
2113 343 2187 1360 Rom und mich ſelber zu regieren.
2251 431 2309 601 Sat.
2194 878 2249 1521 (Aemilius tritt auf.)
2247 1430 2306 1603 Nun?
1934 2015 2029 3737 Deß Nahm' uns Graun einſt war und jetzt uns Troſt ist
2018 2025 2097 3353 Deß Kriegerruhm und ehrenwerthe Thaten
2089 2024 2168 3428 Rom mit Verachtung und mit Undank lohnt;
2153 2020 2242 3506 Sei kühn in uns; wir folgen dir, dem Führer,
2227 2020 2307 3455 Wie Stachelbienen, die in Sommers Schwüle
2299 2028 2377 3291 Der Weiſel leitet durch die Blumenflur!
2315 349 2393 1080 Was giebts, Aemilius?
2369 373 2464 3357 Aeim. Bewaffnet euch! Nie hatte Rom mehr Urſach. Gerächt ſei an Tamora, der Verfluchten!
2440 284 2551 3781 Die Gothen ſchaarten ſich. Mit einer Sreitmacht Die Gothen. Und wie er ſprach, ſo ſprechen
2512 2499 2578 2773 hier Alle.
2527 334 2599 1710 Tollkühner, raubgewohnter Mannen ziehn ſie
2594 335 2666 1695 Zu uns heran, und Luius, Sohn des alten
2661 335 2740 1700 Ehmahl'gen Feldherrn Andronicus, führt ſie,
2736 340 2808 1514 Und droht im Laufe ſeiner Rache mehr
2549 2012 2655 3737 Luc. Jch dno is oemuth ihm, und dank euch Allen
2640 2013 2728 3683 Doch wer kommt hier, geführt von muntrem Gothen.
2722 2011 2794 3738 (Ein Gothe tritt mit Aaron auf, der ſein Kind im Arm
2784 2044 2846 2352 trägt.)
1054 856 1205 3272 Viel Lärm um Nichts.
1966 335 2044 1404 Don Pedro, Prinz von Aragon.
1359 1862 1431 2237 Ueberſetzt
1528 1381 1618 2733 Dr. Georg Nieolaus Bärmann.
2036 334 2115 1508 Don Juan, ſein unehelicher Bruder.
1807 1799 1916 2316 Perſonen:
1948 2038 2028 2703 Ein Unterküſter.
2023 2043 2102 2494 Ein Mönch.
2095 309 2183 2542 Claudio, ein junger florentiniſcher Edelmann, Günſtlinge Ein Knabe.
2167 319 2253 2106 Benedict, ein junger Edelmann aus Padua, Don Pedro's.
2243 336 2318 1468 Leonato, Statthalter von Meſſina.
2314 344 2387 1180 Antonio, deſſen Bruder.
2382 338 2466 1448 Balthaſar, Don Pedros Diener.
2450 335 2558 1529 Borrachio, Don Juans Genoſſen.
2525 356 2596 824 Conrad,
3010 787 3104 1623 Erſter Aufzug.
3243 379 3306 2084 (Leonato, Hero, Beatrice, Gefolge treten auf
3296 455 3353 1027 mit einem Boten.)
3417 405 3503 2083 Leon. Ich vernehme aus dieſem Briefe, daß Don
3497 330 3577 2084 Pedro von Aragon heut abend nach Meſſina kommen wird.
3567 402 3641 2086 Bote. Er iſt nicht fern mehr. Er war nur noch drei
3635 342 3712 1746 Stunden Weges von hier, als ich ihn verließ.
3706 401 3780 2083 Leon. Wie viele Herren habt ihr in dieſem Treffen
3842 401 3919 2081 Bote. Nur wenige von Range, und keinen von Nahmen.
3914 402 3988 2084 Leon. Ein Sieg iſt doppelt ſo viel werth, wenn der
3983 331 4064 2083 Feldherr vollzählige Mannſchaft wieder heimbringt. IJch
4054 334 4129 2082 ſinde hier auch, daß Don Pedro einem jungen Florentiner,
4122 342 4197 1737 Nahmens Claudio, hohe Ehren verliehen hat.
4193 407 4265 2085 Bote. Die dieſer eben ſo verdient, wie Don Pedro es
4261 335 4335 2082 anerkennt. Er leiſtete weit mehr als ſein Alter verheißt,
4330 335 4402 2088 indem er in der Geſtalt eines Lammes die Thaten eines
4400 334 4475 2087 Löwen vollführte. Er hat in der That die Erwartung
4470 336 4546 2085 mehr übertroffen, als ihr von mir erwarten müßt, euch
4538 355 4618 1253 zu erzählen, wie er das that.
4607 409 4683 2087 Leon. Er hat hier in Meſſina einen Oheim, den das
4679 366 4755 1035 höchlich erfreuen wird.
4743 413 4823 2086 Bote. Dem habe ich bereits Briefe eingehändigt, und
4815 340 4893 2091 ſeine Freude ſchien ſehr groß, ja ſo groß zu ſein, daß ſie
4883 340 4966 2091 ſich ohne Zeichen von Schmerz nicht beſcheiden genug zei-
4958 375 5032 711 gen konnte.
5018 426 5093 1520 Leon. Brach er in Thränen aus?
5091 424 5167 1564 Bote. In eine Fluth von Thränen.
5161 414 5244 2091 Leon. Eine milde Fluth der Mildherzigkeit! Es giebt
5228 344 5316 2094 keine wahreren Geſichter als diejenigen, welche ſo gewa-
5301 344 5383 2093 ſchen werden. Wie viel beſſer iſt es, vor Freude zu wei-
5367 359 5446 1540 nen, als ſich über Thränen zu freuen!
2281 2036 2382 2868 Hero, Leonato's Tochter.
2375 2032 2453 2994 Beatrice, Leonato's Nichte.
2516 2048 2590 2365 Urſula,
2581 2031 2672 3059 Boten, Wachen, Gefolge.
2738 1670 2815 2470 Schauplatz: Meſſina.
3149 436 3222 1973 Erſter Auftritt. Vor Leonatos Hauſe.
3779 365 3841 633 verloren?
5440 416 5517 2094 Beat. Sagt an, iſt Signore Haudegen aus dem
5509 361 5584 1334 Felde zurückgekehrt, oder nicht?
5577 414 5663 2097 Bote. Ich kenne keinen des Nahmens, Signora; in
5649 358 5722 1560 der ganzen Armee gab es keinen ſolchen.
309 1450 407 2650 Viel Lärm um Nichts.
469 314 560 2064 mit ihr mein Vermdgen. Des Prinzen Hoheit hat die
552 314 629 2065 Heirath geſtiftet, und die höchſte Hoheit ſage Amen dazu.
622 394 700 1879 Beat. Redet, Graf; die Reihe iſt an euch.
690 389 768 2063 Claud. Das Schweigen iſt der vollkommenſie Herold
760 318 839 2064 der Freude. Ich würde nicht erheblich glücklich ſein, wenn
829 315 909 2065 ich ſagen könnte, wie ſehr ich es bin. Signora, ſo wie
901 317 979 2064 ihr die Meinige ſeid, bin ich der Eurige. Ich gebe mich
968 316 1047 2065 ſelbſt für euch hin, und bin entzückt über den Austauſch.
1040 392 1117 2064 Beat. Sprich, Baſe; oder wenn du das nicht kannſt,
1109 318 1188 2067 ſo ſtopf ihm den Mund mit einem Kuß, und laß ihn ſo
1181 354 1252 730 wenig reden.
1249 393 1326 2065 Don Pedro. In der That, Signora, ihr habt ein
1316 351 1394 875 fröhliches Herz.
1386 390 1462 2064 Beat. Nun ja, Hoheit. Ich dank' ihm dafür, dem
1455 321 1531 2069 armen Närrchen, es hält ſich nach der Windſeite der
1526 321 1605 2066 Sorge zu auf. - Seht, meine Baſe ſagt's ihm ins Ohr,
1596 343 1670 1164 daß er in ihrem Herzen iſt.
1663 409 1739 1455 Claud. Das thut ſie, Bäschen.
1735 396 1811 2069 Beat. Guter Gott, ein Brautpaar! So geht es
1802 323 1880 2072 Allen in der Welt außer mir; und ich bin ſonnverbrannt
1872 323 1948 2072 und muß in einem Winkel ſitzen, und Holla nach einem
1938 356 2013 830 Gatten ſchreien.
2010 393 2088 2070 Don Pedro. Signora Beatrice, ich will euch einen
2079 356 2154 676 verſchaffen.
2145 392 2223 2070 Beat. Ich möchte lieber einen von eures Vaters
2220 324 2294 2070 Erzeugnis. Hat euer Hoheit nicht etwa einen Bruder,
2287 328 2364 2075 der euch gleicht? Euer Vater erzeugte treffliche Ehemän-
2356 329 2431 1863 ner, wenn ein Mädchen ſie nur bekommen könnte.
2428 395 2504 1931 Don Pedro. Wollt ihr mich haben, Signora?
2497 394 2572 2074 Beat. Nein, hoher Herr, ich müßte denn einen zwei-
2565 328 2643 2072 ten Mann für die Wecktage haben. Euer Hoheit iſt zu
2634 325 2713 2071 koſtbar , um tagtäglich getragen zu werden. Doch ich
2704 325 2783 2072 bitte euch, Prinz, verzeihet mir; ich ward geboren eitel
2773 331 2849 1683 Luſtiges, aber nichts Geſcheidtes zu ſprechen.
2844 392 2919 2072 Don Pedro. Euer Schweigen thut mir am meiſten
2913 322 2991 2076 weh, und luſtig zu ſein, ſteht euch am Beſten; denn es
2980 325 3060 2075 iſt außer Frage, daß ihr in einer heiteren Stunde gebo-
3052 357 3110 706 ren wurdet.
3119 395 3197 2077 Beat. Zuverläſſig nicht, Hoheit; meine Mutter
3189 326 3266 2077 weinte; aber es tanzte damahls ein Stern, und unter
3257 329 3337 2074 dem ward ich geboren. - Vetter, Baſe - Gott ſchenk
3328 360 3402 730 euch Freude!
3395 394 3474 2074 Leon. Nichte, willſt du nach dem ſehen, wovon ich
3467 311 3540 656 dir ſagte?
3532 277 3614 2077 Beat. Ich bitte um Verzeihung, Oheim. - Mit
3606 303 3678 1048 euer Hoheit Erlaubnis.
3627 1869 3680 1989 (ab.)
3672 277 3752 2078 Don Pedro. Meiner Treu, ein Frauenzimmer von
3745 306 3819 934 ſangenehmen Geiſte.
3813 278 3889 2077 Leon. Es iſt etwas von melancholiſchem Elemente in
3882 278 3960 2077 ihr, hoher Herr. Sie iſt nie traurig, außer wenn ſie
3950 280 4032 2076 ſchläft, und auch dann nicht immer; denn ich habe meine
4160 280 4239 2075 Don Pedro. Sie kann es nicht ertragen, wenn man
4229 299 4306 1269 ihr von einem Gemahl ſpricht.
4299 281 4378 2080 Leon. Durchaus nicht. Sie ſpottet alle ihre Bewer-
4365 302 4446 1170 ber aus Reih' und Glied.
4433 281 4515 2079 Don Pedro. Sie würde eine treffiiche Gattin für
4500 310 4582 775 Benedict ſein.
324 51 408 305 Akt IV.
316 1083 425 2286 Viel Lärm um Nichts.
490 42 560 2627 Beat. Benedictus? Warum Benedictus? Steckt in Hundsb. Gottes Gaben!
345 3227 418 3375 139
559 1753 639 2737 Leon. Jch muß euch verlaſſen.
560 22 634 1507 dieſem Benedictus deine moraliſche Nutzanwendung?
624 22 721 3457 Marg. Moraliſch Meiner Treu, ich meinte nichts Hundsb. Ein Wort, Herr. unſre Wache hat wirk-
323 312 391 462 278
304 1482 404 2459 Winter-Mährchen.
478 277 550 1637 Beſtiegen. Wenn auch während all der Zeit
545 276 622 1686 Dir unſer Dank geworden wär', mein Bruder,
613 280 689 1564 So würden wir für alle Folg'zeit doch als
684 276 758 1771 Dein Schuldner ſcheiden. Drum gleich einer Null
752 285 826 1392 Am Geltungsort, multiplizir ich dir
819 279 896 1656 Das eine „Dank dir,“ das vorausging, noch
894 301 966 834 Viel tauſendmahl.
959 881 1034 1716 Halt inne noch mit Danken,
965 375 1021 667 Leont.
1028 288 1102 1160 Und thu' es wenn du reiſeſt.
1094 1201 1169 1712 Morgen reiſ' ich.
1104 375 1170 529 Pol.
1164 273 1239 1889 Mich foltert Furcht ob dem, was, weil ich fern war,
1235 280 1309 1608 Sich zutrug und begab. Wenn nur daheim
1300 277 1378 1669 Kein ſcharfer Wind uns ſagen läßt: gegründet
1370 278 1461 1606 War unſre Furcht. Zudem blieb ich bis zur
1443 292 1516 1095 Ermüdung deiner hier.
1507 1026 1583 1473 Zu zäh' bin ich
1515 373 1571 596 Leont.
1578 299 1655 879 Für dein Ermüden.
1644 935 1721 1593 Länger weil ich nicht.
1653 376 1721 527 Pol.
1713 335 1788 1286 Leont. Acht Tage nur noch!
1781 1078 1862 1956 Nicht doch Morgen reiſ ich.
1792 374 1859 523 Pol.
1853 346 1930 1944 Leont. So theilen wir die Friſt des Bleibens, und
1925 295 1986 943 Nun keine Widerrede.
1989 984 2070 1827 Bitte, dräng mich nicht ſo.
1996 376 2065 531 Pol.
2056 280 2132 1488 Giebt's keine Zunge doch in dieſer Welt,
2128 280 2205 1522 Die mich ſo leicht bewegte wie die deine;
2197 270 2280 1880 Sie würd's auch jetzt, trieb Noth dich zu der Bitte,
2266 274 2344 1737 Wie nöthig mir auch Weigrung wär. Geſchäfte
2334 275 2411 1689 Begehren mein daheim; mich daran hindern,
2404 272 2479 1723 Hieß' mich aus Liebe geißeln. Bleib ich länger,
2473 272 2549 1704 Iſt's dir zu Laſt und Unruh; Beides meid' ich,
2543 294 2617 864 Und ſage Lebewohl.
2609 345 2687 1667 Leont. Stumm, Kön'gin? Sprecht doch.
2679 338 2757 1973 Herm. Zu ſchweigen dacht ich, Herr, bis ihr ihm
2747 747 2821 996 Schwüre
2817 279 2891 1536 Entlocktet, nicht zu bleiben. Viel zu kalt
2885 273 2962 1834 Beſtürmt ihr ihn. Sagt ihm, wie's kund euch iſt,
2956 272 3030 1658 Daß Alles wohl in Böhmen ſteht, daß geſtern
3027 276 3103 1576 Noch Kunde davon einlief; ſagt ihm's, und
3094 291 3168 909 Er ſchlägt Chamade.
3161 983 3238 1527 Recht, Hermione!
3166 365 3223 594 Leont.
3231 335 3311 1968 Herm. Zu ſagen, Sehnſucht nach dem Sohne trieb' ihn,
3301 271 3379 1602 Wär Etwas; ſag' er's denn und ziehe hin;
3370 272 3446 1661 Beſchwör' er's denn und ſäume nicht zu reiſen,
3440 275 3513 1529 Sonſt jagen wir ihn mit der Kunkel fort!
3508 261 3590 1970 (zu Polyrenes) So wag' ich denn, uns euer hohes
3578 747 3647 968 Hierſein
3637 276 3719 1521 Noch auf acht Tage zu erbitten. Kommt
3710 270 3789 1546 Nach Böhmen mein Gemahl einſt, geb' ich
3782 272 3857 1372 Ihm einen Monat länger Urlaub als
3850 263 3931 1822 Vorher beſtimmt ward. - Dennoch, mein Leontes,
3917 265 3999 1587 Lieb' ich um keinen Pendelſchlag dich minder
3988 266 4062 1545 Als je ein Weib den Mann - ihr bleibt?
4059 360 4127 509 Pol.
4065 1566 4141 1927 Mit nichten.
4104 335 4201 1610 Herm. Und dennoch, ja! Jhr bleibt -
4197 358 4265 513 Pol.
4199 1141 4279 1868 Ich kann fürwahr nicht!
4263 348 4338 1034 Herm. „Fürwahr!“
4332 254 4416 1826 Ihr weiſ't mich mit geſchmeid'gem Schwur ab; aber
4400 249 4483 1959 Ich - ſchwüret ihr die Stern' aus ihrer Bahn auch -
4470 250 4556 1953 Bleib doch dabei: „Ihr geht nicht, Herr!“ Fürwahr!
4539 252 4621 1797 Ihr ſollt nicht reiſen. Einer Frau „Fürwahr“ iſt
4607 251 4695 1887 Wie eines Manns „Fürwahr“ ſo mächtig. Wollt ihr
4675 255 4761 1706 Doch reiſen? Zwingen mich, euch als Gefangnen
4746 255 4827 1780 Und nicht als Gaſt zu halten? Strafgeld zahlt ihr
4816 246 4899 1958 Dann wann ihr reiſ't, und ſpart den Dank. Was meint ihr
4885 256 4966 1568 Gefangner oder Gaſt? Eins müßt ihr ſein,
4953 261 5032 1320 Bei eurem ſchaurigen „Fürwahr!“
5025 348 5092 503 Pol.
5030 1381 5102 1920 Nun, Gaſt denn!
5090 252 5180 1616 Gefangner euch, ſetzt ein Vergehn voraus,
5163 252 5240 1603 Und ein Vergehn an euch wär' ſchwerer mir,
5228 270 5304 929 Als euch das Strafen.
5299 853 5383 1668 Nicht euch Hütrin alſo,
5299 344 5367 565 Herm.
5365 240 5456 1816 Doch güt'ge Wirthin. Kommt nur; ich befrag euch
5436 247 5522 1647 Nach meines Herrn und euren Jugendſtreichen.
5505 256 5581 1099 Ihr wart wohl loſe Vögel?
5575 342 5642 494 Pol.
5582 1166 5661 1705 Freilich, Kön'gin.
292 72 443 398 Akt II.
312 1310 420 2314 Winter- Mährchen.
452 26 593 1829 Erst. Hofh. Ich wollt', er fehlt in dieſem Punkt
557 576 629 867 mehr euch
590 29 704 1825 As mir, mein Fürſt, und mehr noch würd's mich freuen,
692 38 771 1434 Wär ihre Unſchuld klar wie euer Argwohn.
762 47 840 1129 Treff' euch verdienter Tadel drob!
832 1136 908 1556 Was brauchen
835 63 901 416 Leont.
896 36 979 1466 Mit euch wir drob zu ſchwatzen? Folgen wir
971 37 1047 1452 Dem eignen mächt'gen Antrieb! Unſer Recht
1040 37 1117 1472 Verlangt nicht euren Rath, nur unſre Milde
1108 37 1185 1461 Vertraut euch Alles. Seid ihr ſo verdummt,
1179 34 1256 1582 So liſtig wohl, daß ihr gleich uns die Wahrheit
1247 33 1327 1625 Nicht einſehn köonnt, nicht wollt: ſo forſchet nach.
1317 35 1396 1469 Wir wollen ferner euren Rath nicht. Sache,
1388 33 1465 1556 Verluſt, Gewinn, Anordnung drob, geht Alles
1457 58 1533 500 Nur uns an.
1527 35 1604 1458 Antig. Hättet ihr, mein König, nur
1595 36 1673 1397 Eu'r Urtheil ſchweigend erſt geprüft, bevor
1665 63 1748 798 Ihr's laut verkündetet.
1733 806 1811 1507 Wie wär' das möglich?
1742 72 1807 415 Leont.
1802 49 1882 1356 Einfältig macht das Alter dich, wo nicht
1873 37 1951 1415 Biſt du'n geborner Narr. Camillo's Flucht
1945 39 2018 1331 Und die Vertraulichkeit der Beiden, (die
2012 32 2090 1603 So plump war, wie ſich's Argwohn denken kann,
2081 31 2158 1603 Dem nichts fehlt als Beweis, als nur das Sehn,
2150 38 2226 1310 Weil jeder andre Umſtand von der That
2221 33 2299 1513 Ein Zeugnis ablegt,) ſprechen für mein Thun.
2290 35 2371 1479 Doch hab' ich, zu vollkommnerer Beſtät'gung,
2361 36 2437 1494 (Denn wild zu ſein in ſolch gewicht'gem Falle,
2428 37 2507 1442 Wär' unbarmherzig,) als gewicht'ge Männer
2502 43 2577 1202 Kleomenes und Dion, die ihr kennt,
2570 37 2645 1434 Zum heil'gen Delphos, zu Apollon's Tempel
2639 52 2714 1391 Schnell abgeſandt, daß Kunde vom Orakel
2703 40 2787 1428 Durch ſie mir wird, und jener Gotterſpruch
2775 34 2856 1707 Hemm' oder ſporne mich. That ich nicht wohl dran?
2847 40 2925 1419 Erſt. Hofh. Sehr wohl, mein König!
2914 29 2994 1814 Leont. Obgleich ich überzeugt bin, nichts bedarf mehr,
2983 40 3062 1381 Als was ich weiß, ſoll dennoch das Orakel
3055 38 3133 1404 Die Stimmung Anderer beſchwicht'gen, die
3122 36 3202 1567 Durch glaubenloſen Starrſinn nicht zur Wahrheit
3196 44 3273 1258 Gelangen. Alſo hielten wir's für gut,
3264 42 3341 1305 Aus unſrer freien Näh' ſie zu entfernen,
3333 41 3411 1423 Damit ſie den Verrath der beiden Flücht'gen
3404 35 3480 1591 Ins Werk nicht richte. Kommt, und folget uns.
3474 41 3550 1376 Wir reden laut davon, weil dies uns Alle
3542 60 3619 623 Aufregen muß -
3610 635 3685 1570 Zum Lachen, ſollt' ich meinen,
3613 63 3688 414 Antig.
3677 30 3776 1770 Wenn reine Wahrheit kund hier wäre. (Alle ab.)
3800 600 3874 1292 Zweiter Auftritt.
3897 322 3979 1575 Sicilien. Vorhalle eines Gefängniſſes.
3999 261 4059 1622 (Paulina und Begleiterinnen treten auf.)
4133 1033 4194 1766 (Eine Begleiterin ad.)
4163 30 4265 1745 Gebt kund ihn, wer ich bin. - Hochherz'ge Kön'gin,
4256 41 4334 1271 Kein Hof Europa's iſt zu gut für dich,
4325 30 4430 1816 Was thuſt du denn im Kerker? - (Zum Kerkermei-
4394 537 4467 1731 ſter, der auftrit.) Nun, mein Freund,
4431 50 4547 982 Ihr kennt mich? Oder nicht?
4537 64 4607 378 Kerk.
4600 52 4680 858 Die ich gar hoch verehre.
4674 64 4749 389 Paul.
4531 999 4606 1592 Als würd'ge Dame,
4666 860 4746 1451 Wohl, ſo bitt' ich:
4736 51 4824 831 Führt mich zur Königin.
4811 28 4889 1736 Kerk. Jch darf nicht, edle Frau; zum Gegentheil
4878 46 4958 976 Ward mir gemeſſener Befehl.
4949 985 5025 1425 So gilt's hier,
4953 60 5028 387 Paul.
5015 40 5098 1202 Vor zartem Zuſpruch Unbeſcholtenheit
5089 32 5167 1510 Und Ehre zu verſchließen? - - Iſt's erlaubt,
5157 31 5237 1557 Mit ihren Frau'n zu ſprechen? Nur mit Einer?
5230 60 5306 374 Emilien
5292 37 5374 1321 Kerk. Gefall's euch, gnäd'ge Frau,
5366 35 5442 1257 Die Dienerinnen zu entfernen, und ich
5437 48 5513 760 Ruf euch Emilia her.
5501 790 5578 1469 Ich bitt' euch, thut's.
5508 54 5583 386 Paul.
5572 30 5658 1253 (zu den Begleiterinnen.) Enthebt euch!
5640 914 5699 1735 (Die Begleiterinnen ab.)
291 300 361 450 288
304 390 376 540 110
285 1382 385 2768 Johannis - Nachts - Traum.
454 343 533 1803 Doch hier, wo euch des Vaters Bill'gung fehlt,
522 342 600 1807 Muß euch der andre Mann für würd'ger gelten.
592 402 672 2085 Herm. O, ſäh' mein Vater doch mit meinen Augen
663 410 741 1905 Theſ. Mit ſeinem Urtheil ſollt ihr billig ſehn!
728 404 811 2080 Herm. Ich fleh' euch an, mein Fürſt, mir zu verzeihen.
799 339 882 1869 Ich weiß nicht, welche Kraft ſo kühn mich macht,
868 342 949 1838 Noch wie's zu meiner Keuſchheit ſtimmt, daß ich
936 347 1017 1573 Vor ſolchen Zeugen ſage, was ich denke.
1010 341 1088 1742 Doch fleh' ich eure Huld an, mir's zu nennen,
1076 342 1155 1805 Was Schlimmſtes mir begegnen kann, wenn ich
1148 347 1222 1659 Zum Weib mich dem Demetrius verweigre.
1216 410 1295 1849 Theſ. Entweder Todes ſterben oder ſchwören,
1287 346 1362 1670 Der Männer Umgang immerdar zu meiden.
1352 346 1434 1774 Erforſcht drum, ſchöne Hermia, eure Wünſche,
1425 349 1499 1550 Denkt eurer Jugend, prüfet euer Blut,
1491 344 1571 1836 Ob, wenn ihr nicht des Vaters Wahl euch fügt,
1565 346 1642 1710 Ihr das Gewand der Nonn' ertragen könnt,
1632 351 1710 1580 Um, eingeſperrt in düſterm Kloſter, all
1699 350 1777 1675 Eur Lebenlang, als unfruchtbare Schweſter
1772 348 1846 1617 Dürrkaltem Monde mattes Lied zu ſingen.
1841 346 1917 1672 Heil dreifach denen, die ihr Blut bezähmen,
1909 348 1989 1689 Solch jungfräulichem Wandel ſich zu weihn;
1978 347 2060 1609 Doch iſt gepflückte Roſ' irdiſch beglückter,
2049 343 2124 1834 Als die, an jungfräulichem Strauch verwitternd,
2117 348 2192 1613 Im Cölibatsheil wächſet, lebt und ſtirbt.
2186 408 2264 2081 Herm. So will ich wachſen, leben, Herr, und ſterben,
2257 351 2334 1799 Eh meinen Jungfern Freibrief einem Herrn ich
2324 355 2404 1437 Hingebe, deſſen unerwünſchtem Joch
2395 350 2471 1715 Mein Herz die Oberherrſchaft nicht bewilligt.
2461 415 2544 2086 Theſ. Nehmt euch Bedenkzeit; auf den nächſten Neu-
2538 841 2608 1014 mond,
2602 349 2677 1765 Den Tag der zwiſchen mir und meiner Liebſten
2673 350 2746 1711 Das Bündnis ew'ger Treu beſiegeln wird -
2740 351 2829 1704 Auf dieſen Tag bereitet euch zu ſterben
2810 355 2888 1460 Für euern Ungehorſam, oder eh'licht
2883 355 2953 1471 Demetrius nach Vaters Willen, oder
2951 354 3026 1625 Schwört auf Dianens Weihaltar auf ewig
3021 361 3095 1408 Enthaltſamkeit und eheloſen Stand.
3087 412 3165 2029 Dem. Füg, ſchöne Hermia, dich; Lyſander, opfre
3158 350 3233 1688 Dein albern Wünſchen meinem guten Recht!
3244 423 3322 1837 Lyſ. Demetrius, du haſt des Vaters Liebe;
3316 350 3390 1768 Laß Hermia's Liebe mir; nimm ihn zum Weib.
3396 415 3473 1946 Aeg. Spottſüchtiger Lyſander Ja, ich lieb' ihn,
3466 344 3546 1947 Und All', was mein, ſoll meine Lieb ihm reichen;
3534 352 3610 1715 Und ſie iſt mein, und all mein Recht auf ſie
3603 361 3678 1383 Will an Demetrius ich überlaſſen.
3687 422 3769 2051 Luſ. Ich bin, mein Fürſt, ſo edlen Stamms als er,
3758 357 3838 1597 So reich begütert, reicher noch an Liebe;
3827 349 3906 1882 Mein Glücksſtand wohl beſtellt, wenn er nicht gar
3895 365 3974 1438 Den des Demetrius noch übertrifft;
3965 349 4043 1979 Und - was viel mehr denn all dies Rühmen gilt -
4035 353 4112 1769 Ich weiß geliebt mich von der ſchönen Hermia.
4103 349 4182 1915 Weshalb ſollt' ich mein Recht denn nicht verfolgen?
4173 360 4248 1504 Demetrius, ich ſag's ihm ins Geſicht,
4244 355 4320 1751 Buhlt' einſt um Nedar's Tochter, Helena, und
4314 353 4391 1827 Gewann ihr Herz, und ſie, die Holde, ſchwärmt
4382 364 4457 1333 Andächtiglich, ja mit Abgötterei
4452 358 4528 1559 Für dieſen boshaft unbeſtänd'gen Mann.
4539 423 4625 1890 Theſ. Geſtehen muß ich, daß ich davon hörte,
4611 359 4687 1527 Und mit Demetrius drob reden wollte;
4677 357 4755 1583 Doch, überhäuft von eigenen Geſchäften,
4748 360 4826 1588 Vergaß ich's. Aber komm, Demetrius,
4820 353 4902 1883 Auch du komm, Aegeus; ihr ſollt mit mir gehn,
4886 358 4963 1624 Mit Beiden hab' ich in Geheim zu reden.
4956 357 5034 1673 Jhr, ſchöne Hermia, waffnet euch, daß ihr
5026 361 5101 1527 In Vaters Willen eure Grillen füget.
5094 362 5169 1528 Wo nicht, ſo übergiebt Athen's Geſetz,
5165 356 5245 1722 Deß Kraft wir keineswcgs vernichten können,
5233 363 5308 1495 Dem Tod' euch oder eheloſem Stand.
5303 355 5377 1777 Hippolyta, wie geht's, mein Liebchen? Komm!
5373 360 5448 1592 Demetrius und Aegeus, folgt uns nach:
5440 359 5524 1691 Zu unſerm Hochzeitfeſt hab ein Geſchäft ich
5508 366 5589 1484 Euch aufzutragen und ob Wichtigem,
5582 356 5661 1748 Das euch betrifft, mit euch mich zu berathen.
365 379 441 532 114
356 1366 461 2746 Johannis - Nachts - Traum.
528 398 606 2082 Ober. Fahr wohl, du Nymph'! Eh' er verläßt
599 823 670 1114 den Hain,
666 338 744 1743 Solſt du ihn fliehn, und er dir Liebe weihn.
732 870 793 1544 (Zu Puck, der auftritt.)
786 332 865 1902 Haſt du die Blume? Sei willkommen, Spukgeiſt!
856 421 934 1416 Hütch. Seht her, hier iſt ſie.
928 437 998 687 Ober.
922 1463 1003 2051 Gieb, ich bitte dich!
999 337 1075 1788 Jch weiß den Raſen, wo man Quendel findet,
1068 338 1146 1760 Wo Maaßlieb ſich und nickend Veilchen kündet,
1139 338 1217 1762 Dicht überwölbt von üpp'gen Geisblattzweigen,
1209 334 1319 1920 Durch die sich Bisamroſ' und Hagdorn beugen;
1279 339 1357 1703 Titania ſchlummert dort auf Blumenpracht,
1351 334 1430 1941 Durch Spiel und Tanz in Schlaf gelullt, zu Nacht.
1422 340 1495 1707 Die Schlange ſtreift die bunte Haut dort ab,
1489 339 1567 1747 Die iſt für'n Elfenkleidchen nicht zu knapp. -
1560 342 1636 1655 Mit dieſem Saft netz' ich Titania's Augen,
1629 343 1707 1682 So wird ſie ſchnöde Grillen in ſich ſaugen;
1699 340 1774 1741 Nimm auch davon, und ſuche dann im Hain,
1766 345 1844 1657 Ein hold atheniſch Mädchen liebt voll Pein
1838 342 1915 1737 'nen ſpröden Jüngling; netz ihm ſeine Augen,
1906 337 1984 1728 Doch ſo, daß, was zunächſt ſie in ſich ſaugen,
1977 337 2051 1799 Das Mädchen ſei. Leicht kenneſt du den Mann,
2049 345 2122 1525 Denn der Athener Kleidung hat er an.
2116 340 2193 1804 Behutſam ſei, daß mit noch brünſt'germ Triebe,
2395 835 2471 1073 verſteht.
2552 868 2624 1560 Dritter Auftritt.
2652 788 2728 1641 Eine andere Waldgegend.
2410 1707 2469 2006 (Beide ab.)
2749 657 2810 1768 (Titania mit ihrem Gefolge tritt auf.)
2832 408 2908 2085 Tit. Kommt! Einen Rundtanz, und dann Elfenſang;
2904 344 2978 1722 Nach einem Drittheil 'ner Minute fort dann!
2974 344 3049 1617 Ihr tödtet Spinnen in den Roſenknoſpen;
3039 340 3118 1763 Ihr ſchlagt die Flugmaus todt, ihr Lederflügel
3112 343 3189 1747 Giebt Elfenröckchen; ihr verſcheucht die Eule,
3181 335 3255 2015 Die nächtlich lärmend kreiſcht, und mit Verwundrung
3246 339 3327 1907 Auf unſre ſchmucken Geiſter glotzt. Jezt ſingt mich
3318 335 3401 2013 Jn Schlaf dann geht ans Werk und laßt mich ruhn.
3424 1007 3498 1420 Geſang.
3509 412 3586 1933 Erſter Elfe. Schlangen bunt mit Gabelzungen,
3579 819 3654 1685 Stacheligel, fort von hier!
3649 751 3724 1911 Eidechs, Blindwurm - nicht gedrungen
3720 818 3794 1542 In der Königin Revier!
3808 273 3885 1799 Chor der Elfen. Nachtigall mit Melodei,
3878 817 3952 1632 Sing uns ſüßlieb Lullabei;
3946 479 4022 1937 Lulla, Lulla, Lullabei Lulla, Lulla, Lullabei!
4015 805 4093 1969 Daß nicht Harm, noch Zauberſchwarm
4087 817 4161 1579 Holder Kön'gin nahe ſei;
4156 816 4230 1694 So gut' Nacht mit Lullabei!
4242 410 4324 2023 Zweiter Elfe. Webeſpinnen, laßt euch ſcheuchen;
4315 720 4388 1678 Langbebeinte Spinner, fort!
4381 749 4465 1955 Wurm und Schnecke, wollt entweichen;
4452 812 4528 1823 Schwarze Käfer, flieht den Ort!
4538 414 4619 1814 Chor der Elfen. Nachtigal voll Melodei,
4609 823 4690 1631 Sing uns ſüßlieb Lullabei,
4681 483 4757 1935 Lulla, Lulla, Lulabei! Lulla, Lulla, Lullabei!
4746 812 4829 1955 Daß nicht Harm, noch Zauberſchwarm
4819 819 4898 1596 Holder Kön'gin nahe ſei;,
4889 822 4963 1688 So gut' Nacht mit Lullabei!
4978 414 5060 1982 Zweiter Elfe. Alles wohl! Ietzt laßt uns gehn;
5048 814 5126 1932 Einer, auf, muß Schildwacht ſtehn!
5133 1030 5195 2023 (Die Elfen ab; Titania ſchläft.)
5215 405 5275 2087 (Oberon tritt auf und quetſcht die Blume über Titaniens
5266 583 5323 911 Angen aus.)
5335 402 5413 1513 Was du ſiehſt, wenn du erwachteſt,
5407 353 5482 1534 Sei der Schatz, nach dem du trachteſt,
5477 352 5551 1544 Den du liebſt, für den du ſchmachteſt,
5547 352 5623 1579 Luchs mag's, Kater, borſt'ges Schwein,
5619 358 5692 1254 Bär nun, oder Panther ſein.
5686 357 5763 1318 Was dein Aug' erwachend ſah,
529 2071 603 3051 Soll dein Liebchen ſein, ja, ja!
598 2068 672 3157 Wär' recht Garſtges dann doch da!
308 51 384 297 Akt Il.
307 1129 408 2299 Ende gut, Alles gut.
470 67 548 1722 Gräf. Mich dünkt, Herr, dieſe Hausmannskoſt iſt zu
541 38 615 482 gering für euch.
613 64 690 1717 Narr. Ach Gott, Herr! - Nun, ſetzt mir nur zu;
680 39 754 505 ich halt' es aus.
748 60 827 1717 Gräf. Jhr wurdet neulich ausgepeitſcht, Herr, ſollt'
820 40 892 345 ich meinen?
888 62 964 1607 Narr. Ach Gott, Herr! - Schont meiner nicht.
958 58 1033 1716 Gräf. Schreiſt du: „Ach Gott, Herr!“ und „ſchont
1027 7 1104 1717 meiner nicht!“ wenn du ausgepeitſcht wirſt? In der That
1098 6 1174 1715 dein „Ach Gott, Herr“ paßt gut zu deinem Gepeitſcht-
1168 5 1245 1710 werden; du würdeſt dich beim Auspeitſchen gut benehmen,
1238 25 1312 845 wenn es mit dir dazu käme.
1306 55 1381 1712 Narr. Noch niemahls in meinem Leben kam ich mit
1376 4 1453 1712 meinem „Ach Gott, Herr!“ ſo übel weg. Jch ſehe, die
1448 3 1523 1713 Dinge können lange vorhalten, aber ſie halten nicht
1724 49 1802 1709 Narr. Ach Gott, Herr! - Sieh, da paßt' es wie-
1800 32 1869 386 der ganz gut.
1862 51 1939 1705 Gräf. Ein Ende, Burſch, dem Schwatzen! - Dies
1936 446 2004 693 Helenen,
2003 6 2076 1421 Und dringe drauf, daß ſie mir Antwort ſendet!
2069 3 2170 1519 Empfiehl mich meinem Sohn und meinen Vettern;
2141 23 2214 613 Das iſt nicht viel -
2208 662 2287 1549 Nicht viel Empfehlung alſo?
2213 81 2269 273 Narr.
2277 50 2356 1704 Gräf. Nicht viel Arbeit für dich. Verſtehſt du mich?
2350 49 2426 1702 Narr. Auf das fruchtreichſte. Jch bin eher dort als
2417 29 2491 334 meine Füße.
2485 62 2564 1151 Gräf. Beſchleunige deine Rückkehr.
2555 679 2616 1631 (Beide zu verſchiedenen Seiten ab.)
2685 388 2760 1251 Dritter Auftritt.
2782 199 2864 1445 Paris. Saal im Palaſte des Königs.
2881 37 2960 1567 (Bertram, Le Feu uud Paroles treten auf.)
2950 34 3042 1692 Le Feu. Man ſagt, die Zeit der Wunder ſei vorüber,
3035 -7 3113 1692 und wir haben philoſophiſche Leute, die alltägliche und
3104 -9 3178 1692 weltbekannte Dinge für übernatürlich und unerklärbar aus-
3174 -9 3252 1692 geben. Daher kommt es, daß wir Kleinigkeiten aus
3241 -10 3321 1690 Schreckniſſen machen, indem wir uns hinter eine Schein-
3314 -11 3391 1688 gelehrtheit verſchanzen, wo wir uns einem willenloſen
3380 12 3457 748 Schauder hingeben ſollten.
3452 37 3527 1687 Par. Fürwahr, dies iſt der ſeltenſte Beweis von
3521 -8 3600 1577 Wunder, der in unſrer letzteren Zeit ſich blicken ließ.
3591 57 3666 872 Bert. Ja, ja, ſo iſt es.
3661 39 3736 1512 Le Feu. Von den Aerzten aufgegeben zu ſein -
3731 35 3808 1682 Par. So ſag' ich auch! Von Galenus und Paracelſus.
3800 40 3875 1616 Le Feu. Von allen Gelehrten und Ausſtudirten -
3869 47 3944 1083 Par. Richtig! So ſag ich auch.
3937 37 4015 1437 Le Feu. Für unheilbar erklärt zu werden -
4008 39 4085 1361 Par. Da liegt es eben! So ſag' ich auch.
4076 29 4154 1686 Le Feu. Für einen Mann, dem nicht zu helfen iſt -
4147 34 4222 1584 Par. Ganz recht! Gleichſam für einen Mann -
4214 29 4295 1679 Le Feu. Deſſen Leben unſicher, deſſen Tod zurerläſſigiſt.
4284 30 4363 1680 Par. Richtig und wohl geſprochen! So wollt' ich
4352 18 4427 288 auch ſagen.
4561 1 4639 1678 Par. Das iſt es in der That Wollt ihr es in
4626 -16 4712 1681 einer Abhandlung erkennen, ſo leſet nur - - wie heißt
4696 19 4769 212 die doch?
4767 27 4849 1678 Le Feu. Jn der „Abhandlung von der himmliſchen
4832 -4 4922 1167 Wirkung in einem irdiſchen Werkzeuge.“
4907 29 4986 1467 Par. Das wollt' ich juſt ſagen, ja, juſt das.
4974 22 5056 1675 Le Feu. Fürwahr, der Dauphin iſt nicht luſtiger -
5040 -1 5129 993 mit aler Ehrfurcht ſage ich - -
5114 22 5196 1669 Par. Ja, ja; es iſt ſeltſam, es iſt ſehr ſeltſam!
5177 -19 5267 1671 Das iſt das Kurze und Langweilige an der Sache; und
5254 -18 5335 1670 er iſt von höchſt boshaftem Gemüthe, der nicht darin
5318 3 5400 730 erkennen will, daß - -
5390 17 5473 1522 Le Feu. Die Hand des Himmels thätig war -
5460 35 5541 819 Par. So mein' ich auch.
5528 17 5614 1418 Le Feu. Und zwar in einem ſo ſchwachen -
5597 10 5685 1671 Par. So gebrechlichen Werkzeuge ſolche hohe Kraft,
328 3254 399 3403 237
469 1697 561 3445 ſolche Transcendenz. Fürwahr, dies ſollte uns veranlaſſen,
540 1696 626 3445 noch andern Gebrauch davon zu machen, als bloß die
612 1702 693 3016 Wiederherſtellung des Königs, nähmlich -
683 1770 762 3121 Le Feu. Alleſammt dankbar dafür zu ſein.
754 1760 836 3437 Par. Das eben wollt' ich ſagen. Wohl geſprochen!
820 1711 896 2427 Hier kommt der König.
924 1903 992 3229 (Der König, Helena und Gefolge treten auf.)
994 1752 1075 3440 Le Feu. Luſtik Wie der Holländer ſagt. Jch will
1064 1686 1145 3439 um des Ereigniſſes willen die Mädchen deſto mehr lieben,
1132 1686 1218 3438 ſo lange mir ein Zahn im Munde bleibt. Wahrhaftig,
1201 1690 1283 3291 er wäre im Stande einen Hopſer mit ihr zu tanzen!
1273 1758 1354 3331 Par. Mort du vinaigre! Iſt das nicht Helena?
1342 1767 1417 2899 Le Feu. Bei Gott, mich dünkt es.
1410 1754 1490 3361 Kön. Geht, und beruft mir alle Herrn vom Hofe.
1481 2449 1544 3368 (Einer aus dem Gefolae geht ab.)
1527 1686 1618 3328 Nimm Platz, mein Arzt, zur Seite deines Kranken;
1600 1692 1676 3056 Und mit dem Druck geſunder Hand, der du
1667 1688 1751 3158 Die Schwäche nahmſt, empfange nochmahls die
1733 1690 1821 2924 Beſtät'gung meiner dir verheißnen Gabe,
1807 1691 1886 2795 Die du jetzt nur zu nennen brauchſt.
1910 1974 1973 3134 (Mehrere junge Edelleute treten auf.)
1979 1744 2087 3430 Kön. (fortfahrend). Blick um dich, holdes Mädchen,
2051 2171 2123 2531 dieſe Reihen
2116 1686 2196 3002 Von edlen Jünglingen ſtehn zu Gebot mir,
2191 1684 2271 3150 Denn Landesherr und Vormund bin ich ihnen.
2258 1687 2336 2936 So triff jetzt deine freie Wahl, du haſt
2328 1678 2407 3167 Die Macht dazu; ſie dürfen ſich nicht weigern.
2398 1743 2475 3389 Hel. Jedem von euch ein ſchön und frommes Weib,
2466 1677 2543 3321 So's Hymen will - traun, Jedem, bis auf Einen!
2537 1745 2617 3428 Le Feu. Den braunen Renner ſammt Geſchirr drum
2606 2169 2680 2417 gäb ich,
2670 1679 2751 2959 Hätt' ich ein Zahngebiß und Zierlingsbart
2742 1695 2819 2357 Wie dieſe Bürſchchen!
2811 2417 2891 3127 Schau ſie recht dir an
2813 1773 2871 1943 Kön.
2880 1679 2971 3180 Nicht Einer iſt, der edeln Stamm's nicht wäre.
2953 1764 3028 2366 Hel. Jhr Herren,
3021 1674 3097 3066 Gott hat durch mich den König hergeſtellt.
3091 1740 3167 3279 Alle. Wir hörten es und danken Gott für euch.
3159 1734 3238 3347 Hel. Ich bin ein einfach Mädchen und höchſt reich,
3227 1663 3303 3282 Jndem ich ſag, ich bin ein einfach Mädchen. - -
3300 1667 3380 3246 Mit Gunſt, mein König, ſchon hab' ich gewählt;
3367 1676 3442 2858 Erröthen meiner Wangen flüſtert mir:
3436 1669 3514 3207 „Jch glüh ob deiner Wahl; wird ſie verſchmäht,
3507 1670 3586 3094 „Lagr' ew'ge Bleichſucht auf den Wangen dir;
3576 1681 3649 2598 „Jch kehre nie dann wieder!“
3642 2654 3721 3187 Wähle! Sprich!
3645 1766 3704 1936 Kön.
3715 1668 3791 3138 Wer deine Wahl verwirft, verwirft auch mich.
3784 1734 3864 3302 Hel. Nun, Diana, flieh' ich deinen Altar; dir,
3852 1665 3928 3067 Du höchſter Herrſcher, Amer, ſeufz' ich hier.
3925 1666 3998 3061 - Herr, gebet meiner Werbung ihr Gehör?
3993 1752 4068 2682 Erſt. Edelm. Von Herzen.
4060 2216 4137 3398 Dank:! Zu euch kein Wort jetzt mehr.
4064 1765 4134 1913 Hel.
4130 1730 4209 3412 Le Feu. Ich möchte lieber mit auf dieſer Wahlliſte
4199 1664 4274 3163 ſtehen, als um mein Leben einen Paſch würfeln.
4270 1726 4347 3412 Hel. (zu einem weiten). Der Ehrtrieb, Herr, der
4339 2136 4414 2944 flammt in eurem Blick,
4402 1662 4483 3034 Scheucht, eh' ich rede, drohend mich zurück.
4476 1662 4552 2929 Beglück' euch Liebe zehnfach mehr als ſie,
4543 1655 4621 3228 Die ſolches wünſcht, und fehl's an Glück euch nie!
4629 1729 4708 3112 Zweit. Edelm. Nichts Höh'res giebt's -
4716 2627 4793 3379 Mein Wunſch erfülle ſich
4719 1759 4789 1914 Hel.
4787 1658 4863 3044 Durch Liebeshuld - ſomit empfehl' ich mich.
4870 1718 4948 3404 Le Feu. Ob ſie Alle das Mädchen ausſchlagen? Wären
4942 1647 5018 3405 ſie Söhne von mir, ließ ich ſie peitſchen, oder ſchickte ſie
5011 1647 5088 3403 nach der Türkei, daß Eunuchen aus ihnen gemacht würden.
5095 1715 5174 3404 Hel. (zu einem Dritten. Seid unbeſorgt, nicht wähl
5164 2137 5246 2593 ich eure Hand,
5234 1647 5314 3190 Will nicht euch weh thun durch erzwungnes Band.
5306 1657 5381 3017 Mach' eure Wahl einſt euren Anſpruch wett,
5377 1658 5450 2934 Und findet ſchönres Glück in eurem Bett!
5465 1722 5545 3396 Le Feu. Die Buben ſind Buben von Eis; kein Ein-
5533 1644 5612 3395 ziger von ihnen will ſie ja. Sicherlich ſind ſie engländiſche
5607 1644 5686 3392 Bankerte; von Franzoſen ſind ſie nimmer erzeugt worden.
5695 1591 5750 1724 XII.
304 345 376 498 248
293 1459 398 2617 Ende gut, Alles gut.
463 387 537 1474 Erſt. Edelm. Ganz vortrefflich.
532 374 607 2046 Sold. (leſend). „Diana, der Graf iſt ein Narr und
601 332 678 899 ſchwer von Gold.“
668 380 747 2049 Par. Das iſt nicht des Herzogs Brief, Herr, das iſt
738 309 818 2050 eine Zuſchrift an ein gewiſſes Mädchen in Florenz, eine
808 308 887 2051 gewiſſe Diana, ſich vor den Lockungen eines Grafen Rouſ-
880 306 956 2050 ſillon, eines albernen, eiteln Burſchen, der bei alldem
949 310 1027 2052 höchſt geil iſt, zu hüten. Ich bitte euch, ſteckt mir das
1019 329 1094 1277 Schreiben wieder in die Taſche.
1088 391 1161 1549 Sold. Nein, erſt will ich ihn leſen.
1156 379 1237 2051 Par. Meine Abſicht dabei war, ſag' ich, höchſt red-
1226 310 1309 2053 lich in Abſicht auf das Mädchen; denn ich weiß, daß der
1296 309 1376 2050 junge Graf ein gefährlicher und ausſchweifender Geſell,
1368 311 1444 2053 ein wahrer Haifiſch der Jungfraunſchaft iſt, der alle Fiſch-
1438 330 1513 1251 brut verſchlingt, die er ſindet.
1507 383 1583 2049 Bert. Verdammenswerther, doppelzüngiger Schurke!
1574 382 1653 2053 Sold. (leſend). „Schwört er, ſo fordre Geld von ihm
1648 799 1721 1230 und nimm es;
1712 319 1796 1732 „Ankreiden läßt er, zahlt doch nie die Kreide;
1785 312 1867 2054 „Sei klug beim Handel drum, ſonſt wird dir Schlimmes,
1853 316 1935 1943 „Gemachte Schuld nicht zahlen, macht ihm Freude.
1923 317 2003 1880 „Dann, Diana, ſprich, wie wir's gerathen haben:
1994 314 2073 1982 „Die Männer küßt man wohl, doch nicht die Knaben!
2065 316 2145 1896 „Glaub mir, ein Narr iſt dieſer Graf, ich ſchwör',
2131 322 2212 1675 „Er zahlt voraus, doch niemahls hinterher.
2204 412 2282 2056 „Dein, wie ich dirs ins Ohr gelobt - Paroles.“
2273 382 2354 2060 Bert. Er ſoll durch die Armee gepeitſcht werden, mit
2344 331 2418 1201 dieſen Reimen an der Stirn.
2412 385 2495 2058 Zweit. Edelm. Das iſt euer treuergebener Freund,
2484 313 2564 2063 Herr Graf, der gewandte Sprachkenner, der waffentüch-
2555 346 2630 730 tige Krieger!
2620 386 2702 2060 Bert. Alles konnte ich bisher ertragen, nur keine
2692 333 2767 1339 Katze, jetzt iſt er mir eine Katze.
2763 388 2844 2058 Sold. Aus den Blicken des Generals nehme ich ab,
2831 315 2910 1606 daß wir euch wohl werden hängen müſſen.
2902 387 2979 2059 Par. Um mein Leben bitt' ich, Herr, und das jeden
2970 315 3054 2063 Falles. Nicht daß ich mich vor dem Tode fürchte; aber
3041 319 3118 2063 meiner Sünden ſind viele, ich möchte den Reſt meines
3113 318 3189 2059 Lebens dazu verwenden, ſie zu bereuen. Laßt mich leben,
3182 316 3260 2062 Herr - im Kerker, im Stock oder ſonſt wo - wenn ich
3252 353 3315 624 nur lebe.
3321 388 3398 2063 Sold. Wir wollen ſehen, was ſich thun läßt, wenn
3390 318 3468 2067 ihr freimüthig bekennt. Darum fragt man nochmahls hin-
3461 319 3538 2065 ſichtlich des Hauptmanns Dumain. Jn Betreff ſeiner Tap-
3531 321 3607 2065 ferkeit und ſeines Anſehens bei dem Herzoge habt ihr geant-
3602 321 3679 1977 wortet - „Wie ſieht es mit ſeiner Redlichkeit aus?“
3670 389 3748 2066 Par. Er wird euch ein Ei aus einem Kloſter ſteh-
3741 320 3815 2066 len, Herr; denn im Rauben und Mädchenentführen kommt
3810 321 3900 2065 er dem Neſus gleich. Er macht kein Geſchäft daraus,
3880 320 3954 2069 ſeine Schwüre zu halten, allein im Brechen derſelben iſt
3949 323 4030 2070 er ſtärker als Herkules. Er wird mit ſolcher Zungenge-
4019 321 4097 2068 läufigkeit lügen, Herr, daß ihr glauben möchtet, die
4088 322 4164 2072 Wahrheit ſei eine Närrin; Trunkenheit iſt ſeine beſte Tu-
4159 322 4237 2072 gend; denn er iſt ſaubetrunken; und im Schlafe thut er
4229 322 4306 2069 am wenigſten Jemandem etwas zu Leide, außer ſeinen
4298 321 4377 2069 Betttüchern. Allein man kennt ſeine Zuſtände und legt
4365 322 4447 2073 ihn daher auf Stroh. Jch habe wenig mehr von ſeiner
4438 323 4516 2071 Rechtſchaffenheit zu ſagen, Herr; er beſitzt Alles, was
4507 324 4588 2071 ein rechtſchaffener Mann nicht beſitzen ſollte; von dem
4575 324 4656 2072 aber, was ein rechtſchaffener Mann beſitzen ſollte, beſitzt
4644 363 4718 640 er nichts.
4711 399 4793 2074 Erſt. Edelm. Jch fange an, ihn um dieſer Aeuße-
4785 349 4857 1179 rung willen liebzugewinnen.
4852 404 4934 2076 Bert. Um dieſer Beſchreibung deiner Rechtſchaffenheit
4924 327 5006 2077 willen? Die Peſt über ihn von meinetwegen; mir gilt er
4994 348 5069 1326 nur um ſo mehr für eine Katze!
5064 401 5144 2074 Sold. Was ſagt ihr von ſeiner Erfahrung im Kriegs-
5133 367 5202 587 dienſte?
5199 403 5285 2075 Par. Fürwahr, Herr, er hat vor den engländiſchen
5272 329 5351 2078 Tragödienſpielern die Trommel her getragen - belügen
5343 329 5419 2080 will ich ihn nicht - und mehr weiß ich nicht von ſeinem
5412 330 5491 2080 Soldatenthum, ausgenommen daß er in jenem Lande, Eng-
5483 331 5561 2083 land, die Ehre hatte, an einem Orte, Meilenend ge-
5551 331 5631 2081 nannt, Offizier zu ſein, und im Bilden doppelter Reihen
5619 330 5699 2082 Unterricht zu geben. Gern möchte ich dem Mann alle
265 3415 422 3740 Akt IV.
443 2019 552 3774 ihm gebührende Ehre erweiſen, aber über dieſen Umſtand
529 2040 603 2907 bin ich nicht genau berichtet.
593 2091 725 3777 Erst. Edelm. Er hat die Spitzbüberei ſo ausgelernt,
669 2034 743 3254 daß die Seltenheit ihn wieder losſpricht.
722 2092 822 3777 Bert. Die Peſt über ihn; er hat doch eine Katzenatur
808 2091 891 3776 Sold. Da ſeine Eigenſchaften in ſo ärmlichem Preſe
873 2022 985 3776 ſtehen, ſo brauche ich euch nicht zu fragen, ob Gold ohn
947 2038 1022 2964 zur Empörung beſtechen kann?
998 2088 1096 3775 Par. Herr, für einen Viertel-Kronthaler wird er
1085 2021 1163 3776 das Freilehn ſeiner Erlöſung, das Erbrecht derſelben ver
1154 2021 1234 3776 kaufen, und alle ſeine Nachkommen des Erbrechts und der
1227 2046 1300 2828 ewigen Erbfolge berauben.
1368 2049 1439 2654 der zweite Dumain?
1401 2099 1533 3775 Zweit. Edelm. Warum fragt er ihn nach mir?
1506 2110 1579 3211 Sold. Was für ein Mann iſt er?
1552 2101 1653 3775 Par. Eine Krähe aus demſeiben Neſte, im Guten
1644 2024 1722 3777 nicht ſo groß als Jener, aber im Schlechten einen großen
1715 2026 1791 3777 Theil größer. Als Feigling übertrifft er ſeinen Bruder,
1785 2025 1861 3780 wiewohl dieſer für ein Muſter von der Sorte gilt. Beim
1852 2026 1931 3780 Rückzuge läßt er jeden Schnellläufer hinter ſich, und
1924 2026 1998 3780 wenn's ans Vorrücken geht, bekommt er den Krampf.
1992 2097 2070 3779 Sold. Wenn eures Lebens geſchont wird, wollt ihr
2065 2031 2141 3780 es dann unternehmen, den Florentiner Herzog zu verrathen!
2133 2100 2227 3777 Par. Ja, und den Oberbefehlshaber ſeiner Reiterei,
2204 2047 2277 3061 den Grafen Rouſſillon, ebenfalls.
2227 2102 2413 3778 Sold. Ich will leiſe mit dem General ſprechen und
2343 2048 2417 2981 ſeine Willensmeinung erkunden.
2409 2099 2489 3777 Par. (beiſeit). Jch will nichts mehr von Trommelei
2480 2029 2556 3779 wiſſen. Die Peſt über alle Trommeln! Nur um ver-
2549 2030 2627 3779 dienſtlich zu ſcheinen, und um die Meinung jenes ausſchwei-
2621 2029 2700 3779 fenden Knaben, des Grafen, zu beſtechen, habe ich mich
2689 2031 2769 3759 in dieſe Gefahr geſtürzt. Wer hätte auch an einem Ort,
2760 2032 2836 3709 wo man mich griff, einen Hinterhalt vermuthen ſollen?
2828 2104 2906 3760 Sold. Da iſt keine Rettung, Herr; ihr müßt ſter-
2899 2030 2976 3763 ben. Der General ſagt, daß ihr, der ihr ſo verräthe-
2969 2030 3047 3762 riſch die Geheimniſſe eures Heeres aufgedeckt, und ſolche
3038 2031 3115 3783 ſtinkenden Berichte über Männer, die im höchſten Anſehen
3108 2032 3186 3783 ſtehen, abgegeben habt, der Welt durchaus keinen Nutzen
3176 2033 3276 3783 schafen könnt; deswegen müßt ihr ſterben. Kom her,
3250 2046 3325 3332 Scharfrichter, herunter mit ſeinem Kopfe
3286 2103 3417 3781 Par.  O Gott, Herr! Laßt mich leben, oder laßt
3391 2055 3466 2776 mich meinen Tod ſehen!
3433 2109 3537 3782 Sold. Das ſollt ihr, und ſollt Abſchied von allen eu-
3520 2033 3625 3784 ren Freunden nehmen. (Er ninmt ihm die Binde ab). So,
3600 2046 3676 3289 ſeht euch um; kennt ihr hier Jemanden?
3671 2110 3744 3562 Bert. Guten Morgen, wackerer Hauptmann.
3715 2110 3816 3782 Zweit. Edelm. Gott ſegne euch, Capitain Paroles.
3810 2115 3884 3671 Erſt. Edelm. Gott mit euch, braver Capitain.
3878 2113 3954 3763 Zweit. Edelm. Capitain, welchen Gruß habt ihr
3948 2038 4027 3765 an Herrn Le Feu zu beſtellen? Jch reiſe nach Frankreich.
4019 2115 4093 3763 Erſt. Edelm. Lieber Capitain, wollt ihr mir eine
4090 2040 4168 3765 Abſchrift von dem Sonnette zukommen laſſen, das ihr an
4156 2041 4236 3769 jene Diana, zu Gunſten des Grafen Rouſſillon ſchriebt!
4227 2041 4304 3767 Wenn ich nicht ein ſo arger Feigling wäre, würde ich
4301 2052 4379 3363 euch abzwingen; ſo aber, gehabt euch wohl.
4381 2519 4439 3715 (Bertram und die Edelleute gehen ab.)
4450 2115 4532 3765 Sold. Jhr ſeid hier, Capitain; nur eure Schärpe
4526 2051 4600 3422 iſt es noch nicht, die hat noch ihren Knoten.
4605 2117 4687 3655 Par. Wer müßte nicht einem Complott erliegen?
4693 2116 4772 3766 Sold. Wenn ihr ein Land ausfindig machen könntet,
4763 2044 4841 3770 worin Weiber wären, die nicht mehr Schaam hätten als
4833 2045 4914 3767 ihr habt, ſo könntet ihr eine freche Nation heranbilden.
4900 2044 4986 3768 Gehabt euch wohl, Herr. Auch ich gehe nach Frankreich;
4979 2064 5051 3025 dort wollen wir von euch reden.
4989 3542 5042 3650 (ab.)
5057 2114 5143 3764 Par. Doch dank' ichs euch. Mir bräch' das Herz darüber,
5128 2046 5212 3764 Wenn's groß wär'. Hauptmann will ich nicht mehr ſein;
5205 2054 5283 3438 Doch eſſen, trinken, ruhig ſchlafen will ich,
5270 2051 5351 3632 Wie's nur ein Hauptmann kann; mein liedes Selbſt
5343 2054 5422 3558 Soll Lebenszweck mir ſein. Wer ſich als Prahler
5413 2055 5491 3546 Erkennt, der fürchte Gleiches, 's iſt gegründet,
5483 2061 5561 3266 Daß jeder Prahler ſich als Eſel kündet.
5545 2052 5633 3766 Schwerd, roſte! Schaam verſchwind! Ich will mich freun
5622 2053 5702 3668 Der Schmach! Als Narr ſoll Narrheit mir gedeihn.
5716 2003 5770 2137 XII.
324 368 396 522 250
312 1471 416 2624 Ende gut, Alles gut.
477 325 554 2057 euch, gnädiger Herr, ſo lange bei mir zu bleiben, bis
551 346 623 1162 Beide hier zuſammentrafen.
614 395 693 2058 Le Feu. Jch dachte ſo eben darüber nach, meine
685 327 762 2060 Gnädige, auf welche Weiſe ich wohl am leichteſten Zu-
758 354 830 989 tritt erhalten möchte.
823 398 901 2058 Gräf. Jhr braucht euch nur eures ehrenvollen Vor-
898 352 969 929 rechtes zu bedienen.
963 395 1041 2058 Le Feu. Gnädige Frau, daraus habe ich mir einen
1034 326 1112 2060 kühnen Freibrief gemacht, der noch immer aushält, und
1107 352 1180 1014 wofür ich Gott danke.
1190 859 1248 1522 (Der Narr tritt auf.)
1240 398 1317 2060 Narr. Gnädigſte, da unten iſt mein Herr, euer
1313 328 1388 2061 Sohn, mit einem Sammetpflaſter auf dem Geſichte. Ob
1383 328 1457 2063 ſich eine Narbe darunter befindet oder nicht, weiß der
1452 329 1526 2061 Sammet; aber es iſt ein tüchtiges Sammetpflaſter. Seine
1520 331 1599 2062 linke Wange iſt eine mit dritthalb Streifen belegte; aber
1590 345 1667 1345 ſeine rechte Wange trägt er kahl.
1661 398 1734 2061 Le Feu. Eine rühmlich erhaltene Narbe, oder eine
1731 329 1807 2062 edle Narbe, iſt eine gute Liverei der Ehre; ſo wird wahr-
1799 345 1872 1386 ſcheinlich die ſeinige beſchaffen ſein.
1867 404 1942 1967 Narr. Er hat aber ein wahres Karbonadengeſicht.
1940 400 2012 2059 Le Feu. Laßt uns hinunter zu eurem Sohne gehen;
2005 327 2083 2062 ich bitte euch. Jch ſehne mich darnach, mit dem edlen
2078 348 2151 1200 jungen Krieger zu ſchwatzen.
2146 400 2222 2060 Narr. Traun, es iſt ein Dutzend von ihnen unten
2215 326 2290 2062 mit delikat feinen Hüten und höchſt ſtattlichen Federn,
2284 333 2361 1905 die den Kopf hängen laſſen und aller Welt zunicken.
2353 1686 2408 1930 (Alle ab.)
2481 808 2582 1592 Fünfter Aufzug.
2606 367 2679 2028 Erſter Auftritt. Eine Straße in Marſeille.
2835 401 2913 1924 Hel. Doch dies eilfert'ge Reiſen Tag und Nacht
2907 330 2981 1852 Muß euch entmuth'gen. Könnt ich's ändern nur!
2979 334 3052 1690 Allein ihr habt nun einmahl Tag und Nacht
3049 333 3125 1691 Die zarten Glieder meinem Dienſt gewidmet;
3118 329 3193 1850 Drum haltet aus, und wachſt in meinem Dank,
3186 325 3263 2061 Aus dem euch nichts entwurzeln kann. - Einſt ſoll - -
3273 630 3333 1747 (Ein edler Falkenier tritt auf.)
3327 329 3405 1833 Der Mann kann Zutritt mir beim König ſchaffen,
3396 324 3472 2055 Wenn er ſein Anſehn geltend macht. - Gott grüß' euch!
3466 238 3549 982 Falk. und euch!
3531 744 3611 2048 Jch ſah euch, Herr, am Hof von Frankreich.
3538 310 3607 585 Hel.
3599 293 3687 1257 Falk. Ich war einſt dort.
3672 274 3750 2062 Hel. Mich will bedünken, Herr, nicht Lügen ſtraftet
3737 285 3818 1627 Jhr das Gerücht, das eure Güte rühmt;
3813 284 3887 1663 Drum von gewicht'gen Gründen angetrieben,
3880 282 3958 1769 Die nicht auf ſtrenge Sitten achten, macht' ich
3937 282 4028 1694 Gebrauch von euerm Anſehn gern, wofür ich
4021 292 4097 1265 Euch dankverpflichtet ſein will.
4092 1266 4166 1801 Was begehrt ihr?
4092 306 4175 610 Falk.
4157 286 4236 1412 Hel. Daß euch's gefallen möge,
4218 280 4306 1621 Dem König dieſe Bittschrift zu behänd'gen,
4299 277 4373 1680 Und mir durch eure güt'ge Fürſprach Zutritt
4366 295 4443 954 Bei ihm zu ſchaffen.
4436 284 4516 1418 Falk. Der König iſt nicht hier.
4506 1385 4584 1923 Nicht hier, Herr?
4510 303 4610 571 Hel.
4574 277 4735 1611 Er reiſte geſtern abends ab, und haſt'ger
4579 317 4651 605 Falk.
4713 294 4789 891 Als ſonſt wohl -
4581 1855 4641 2016 Nein.
4783 272 4858 1759 Wittwe. Gott! Verloren alle Mühe!
4851 264 4928 2053 Hel. Ende gut, Alles gut. Gleichviel! Die Zeit
4915 273 4998 1665 Scheint widrig und das Mittel unzureichend.
4988 277 5083 1525 Jch bitt euch, wohin ging der Köng?
5058 266 5139 1978 Falk. Ei, wie ich hörte, nach Schloß Rouſſillon,
5115 289 5214 976 Wohin ich auch will.
5197 954 5275 1828 Herr, ich bitt euch, da ihr
5205 299 5273 567 Hel.
5265 279 5346 1446 Den König eher werdet ſehn als ich,
5337 276 5415 1528 Legt dies Papier in ſeine gnäd'ge Hand,
5407 270 5485 1767 Das, wie ich mein', euch keinen Tadel zuzieht,
5476 270 5557 1711 Vielmehr euch Dank für eure Müh erwirbt.
5545 275 5625 1528 Jch komm euch nach, ſo eilig als dazu
5615 280 5790 1328 Wir Mittel auszumitteln wiſſen.
481 2116 561 3107 Falk. Gebt; ich beſorg's euch.
552 2135 620 2288 Hel.
620 2035 703 3524 Wie's immer ausläuft. - Abermahls zu Pferd;
691 2051 766 2776 Fort, fort, zur Reiſe!
672 3381 764 3698 (Alle ab.)
847 2467 923 3338 Zweiter Auftritt.
945 2142 1024 3641 Rouſſillon. Jnnerer Schloßhof der Gräfin.
1043 2341 1111 3468 (Der Narr und Paroles treten auf.)
1124 2104 1206 3715 Par. Ehrlicher Monſieur La Vache, gebt dem Herr
1194 2032 1274 3718 Le Feu dieſes Schreiben. Vor Zeiten, Herr, war ich euch
1263 2031 1343 3733 beſſer bekannt, als ich auf vertraulicherem Fuße mit mun-
1336 2032 1415 3719 terern Kleidern lebte; jetzt aber, Herr, hat Fortunens
1404 2031 1484 3718 Laune mich verſchlämmt, und ich dufte etwas ſtark nach
1473 2060 1548 2721 ihrer ſtarken Ungnade.
1544 2104 1623 3718 Narr. Fürwahr, Fortunens Ungnade iſt unfläthig
1613 2033 1693 3722 wenn ſie ſo ſtark duftet, wie du ſagſt. Jch werde fer-
1682 2035 1765 3722 derhin keine Fiſche eſſen, die Frau Fortuna bebutterte.
1750 2051 1826 3083 Ich bitte dich, ſteh mir leewärts!
1824 2103 1900 3722 Par. Ei was, Herr, ihr braucht euch die Naſe
1891 2043 1969 3417 nicht zuzuhalten; ich ſprach nur metaphorice.
1960 2110 2038 3719 Narr. Euere Rede metaphorice ſtinkt, Herr; ich
2031 2035 2111 3723 will mir doch die Naſe zuhalten; ich thue das bei Jedem,
2103 2036 2178 3724 der metaphorice redet. Jch bitt' euch, tretet weiter weg
2172 2104 2249 3723 Par. Seid gebeten, Herr, und befreit mich von die-
2239 2067 2311 2420 ſem Papier.
2309 2107 2385 3725 Narr. Puh! Ich bitte dich, ſteh fern! Einem Edel-
2379 2037 2458 3727 mann ein Papier von Fortunens Leibſtuhl zu geben. -
2449 2059 2523 2862 Sieh, da kommt er ſelbſt.
2555 2623 2614 3166 (Le Feu tritt auf.)
2624 2107 2701 3724 Narr. Hier iſt ein Miauen Fortunens, Herr, oder
2693 2036 2770 3726 der Katze - doch keiner Biſamkatze - Fortunens, die
2764 2036 2842 3726 in den unſaubern Fiſchteich ihrer Ungnade gefallen iſt, und
2836 2035 2910 3726 wie der da ſagt, ganz und gar verſchlämmt ward. Ich
2902 2034 2978 3729 bitte euch, Herr, gebraucht den Karpfen wozu er gu
2974 2035 3048 3728 iſt, denn er ſieht aus, wie ein verkommener, ſinnreicher,
3042 2033 3122 3728 närriſcher, ſpitzbübiſcher Schuft. Ich bemitleide ſein Elend
3112 2035 3196 3725 durch mein Troſtlächeln, und überlaſſe ihn euer Gnaden
3247 2100 3325 3726 Par. Herr, ich bin ein Menſch, den Frau Fortuna
3319 2052 3396 2770 jämmerlich zerkratzt hat.
3385 2097 3466 3727 Le Feu. Und was wollt ihr, daß ich dabei thue?
3458 2031 3535 3727 's Iſt zu ſpät, der Fortuna jetzt die Nägel zu beſchneiden.
3529 2032 3604 3726 Wo habt ihr der Fortuna Schurkenſtreiche geſpielt, daß
3598 2030 3672 3725 ſie euch kratzt, ſie, die an und für ſich eine gute Dame
3669 2031 3743 3728 iſt, die nichts weiter will, als daß Schurken nicht unter
3739 2029 3812 3728 ihrem Schutze gedeihen? Hier habt ihr einen Viertel-
3807 2030 3881 3728 kronthaler. Laßt von den Richtern zwiſchen euch und For-
3877 2032 3954 3728 tunen Freundſchaft ſtiften; ich habe andere Dinge zu
3952 2068 4023 2219 thun.
4017 2098 4091 3728 Par. Ich bitte euer Gnaden, nur ein einziges Wert
4088 2055 4162 2634 von mir anzuhören.
4154 2098 4232 3728 Le Feu. Jhr erbettelt einen einzigen Pfennig mehr?
4228 2034 4304 3498 Wohlan, ihr ſollt ihn haben; ſpart euer Wort.
4297 2098 4368 3647 Par. Mein Nahme, gnadiger Herr, iſt Paroles.
4365 2103 4444 3724 Le Feu. So bettelt ihr um Worte, nicht um ein
4435 2032 4509 3726 einziges Wort? Jhr liebäugelt mit meiner Leidenſchaft.
4503 2026 4578 3728 Gebt mir eure Hand. - Wie ſteht's um eure Trommel?
4573 2098 4649 3726 Par. Ach, ehrlicher Herr, ihr waret der Erſte, der
4645 2050 4718 2725 mich ausfindig machte!
4708 2098 4789 3723 Le Feu. War ich's? In der That? So war ich auch
4783 2040 4857 3122 der Erſte, der dich wieder hinwarf.
4851 2091 4927 3725 Par. Jhr habt die Macht, guter Herr, mir einiger-
4922 2022 4998 3726 maaßen wieder zu Gnaden zu helfen, denn ihr brachtet
4993 2054 5062 2424 mich heraus.
5054 2091 5136 3722 Le Feu. Pfui über dich, Schuft! Legſt du mir nicht
5125 2022 5206 3724 zu gleicher Zeit das Amt Gottes und des Teufels bei?
5196 2022 5276 3720 Der Eine bringt dich in Gnaden, der Andere bringt dic
5269 2023 5344 3745 heraus. (Man dort Trompeten.) Der König kommt. Ich
5338 2020 5414 3745 kenne den Trompetenruf. - Burſch, frag ſpäter nach
5405 2019 5485 3745 mir; ich ſchwatzte geſtern abend von dir, und obwohl
5475 2019 5561 3745 du ein Narr und ein Schurke biſt, ſollſt du doch zu eſſen
5551 2040 5624 2890 haben. Geh fort, Geſell!
5617 2101 5692 3101 Par. Jch preiſe Gott für euch.
5706 1971 5763 2104 XII.
5600 3357 5758 3712 (Beide ab.)
288 24 433 288 AKT I.
310 1037 414 2452 König Heinrich der Achte.
465 888 531 1446 Aus ſeinen Blicken
433 25 539 306 Buck
530 -6 607 1600 Glotzt' Unheil gegen mich. Sein Aug verwarf mich
601 6 676 1175 Als ſeines Abſcheus Objekt: eben jetzt
672 0 748 1460 Zielt liſtig er nach mir. Er ging zum König;
743 10 817 986 Ich folg' ihm, ihn zu hindern.
833 118 898 322 Norf.
825 1009 896 1509 Bleibt, Mylord,
895 16 967 1525 Und laßt Vernunft ſich mit dem Zorn beſprechen,
966 19 1039 1467 Was ihr jetzt vorhabt: ſteile Höhn erklimmen,
1034 16 1111 1556 Kann langſam nur geſchehn. Es gleicht der Zorn
1104 25 1180 1233 Dem wilden Roß, das ungebändigt ſich
1171 21 1251 1372 Durch eigne Kraft ermüdet. - Keiner räth
1244 20 1320 1409 In England mir wie ihr; ſo ſeid euch ſelbſt,
1317 32 1389 879 Was ihr dem Freunde ſeid.
1397 878 1475 1522 Ich will zum König;
1403 116 1461 303 Buck.
1469 22 1541 1381 Der Ehre Mund ſoll dieſen frechen Burſchen
1536 16 1614 1555 Aus Ipswich ganz zu Boden ſchrein, ſoll künden:
1610 28 1684 1177 Nicht Unterſchied der Leute giebt's -
1692 1209 1767 1737 Nehmt Rath an:
1700 116 1771 326 Norf.
1761 21 1840 1377 Heizt für den Feind den Ofen nicht ſo glüh,
1831 22 1907 1431 Daß er euch ſelbſt verſengt. Durch Haſtigkeit
1901 16 1972 1735 Rennt man vorbei am Ziel, nach dem man rennt, und
1968 23 2047 1457 Verfehlts durch Ueberrennen. Wißt ihr nicht,
2041 19 2115 1493 Daß Gluth, die's Waſſer durch das Ueberſieden
2110 14 2185 1768 Zu mehren ſcheint, es mindert? Drum nehmt Rath an.
2182 21 2256 1491 Ich ſag' es nochmahls: keine Seel in England
2251 27 2326 1317 Kann kräftiger euch lenken, als ihr ſelbſt.
2317 19 2396 1570 Löſcht , oder dämpft zum mindſten, mit dem Saft
2391 33 2465 1131 Der Ueberlegung eure Zorngluth -
2481 116 2540 312 Buck.
2475 1190 2544 1318 Sir,
2546 23 2619 1437 Ich bin euch dankbar, und will eure Weiſung
2615 33 2692 1110 Befolgen; doch iſt dieſer Ueberſtolze
2682 25 2760 1503 (Nicht nenn ich ihn im Aerger ſo; nein, nein!
2754 25 2828 1488 Aus edler Regung!) mir durch ſichre Warnung
2822 21 2897 1524 Und durch Beweis, ſo klar wie'n Bach im Juli,
2889 25 2965 1386 Worin man jeden Kieſel ſieht, als ſchändlich
2963 40 3036 834 Und als verräthriſch kund.
3025 868 3103 1674 Nicht ſagt „verräthriſch.“
3039 122 3105 326 Norf.
3098 86 3176 1774 Buc. Dem König ſag' ich's; und mein Wort ſoll
3172 466 3242 734 ſtark ſein
3236 23 3319 1498 Wie Felſenſtrand! Hört. Dieſer heilge Fuchs,
3307 25 3390 1439 Fuchs oder Wolf - wohl Beides (denn er iſt
3376 32 3455 1332 So ſchlau wie gierig, ſo geneigt wie fähig
3448 28 3526 1450 Zum Böſesthun; bei dem ſich Seel und Amt
3517 27 3596 1435 Einander gegenſeits vergiften,) wißt, er hat,
3586 30 3665 1332 Um ſeinen Pomp in Frankreich wie daheim
3656 30 3737 1323 Zu zeigen, unſern Herrn, den König, zu
3726 26 3807 1470 Dem theuren Bündnis, dem Vertrag gerathen,
3798 28 3873 1433 Der ſo viel Schätze ſchlang und wie ein Glas
3866 37 3947 967 Zerbrach, indem man's ſpülte.
3929 983 3998 1561 Traun! Es brach.
3942 120 4012 332 Norf.
4001 93 4082 1567 Buck. Hört weiter, Sir: der liſtge Kardinal
4074 35 4153 1328 Entwarf die Punkte dieſes Friedensbundes,
4140 28 4221 1527 Wie's ihm genehm war, und beſtätigt wurden
4205 27 4294 1772 Sie, als er ſchrie: „So ſei's“ War's juſt ſo viel doch,
4279 37 4352 1198 Als einem Todten eine Krücke reichen!
4348 31 4437 1482 Doch that's der Kardinal, und drum iſt's gut;
4418 30 4504 1567 Hochwürden Wolſey irrt ja nie! Was folgt nun
4489 33 4569 1523 Wie mich dünkt, eine Art von Würfling für die
4562 43 4641 1108 Here Verrätherei: der Kaiſer Karl
4627 34 4713 1452 kommt zum Beſuch hieher, als wollt' er bloß
4696 38 4780 1401 Die Köngin, ſeine Muhme ſehn (doch iſt's
4767 34 4846 1506 Nur Vorwand, ſich mit Wolſey zu beſprechen):
4830 34 4921 1560 Er fürchtet, daß das Bündnis zwiſchen Frankreich
4908 37 4991 1402 Und England ihm nachtheilig werden könnte;
4976 37 5060 1400 Aus Beider Freundſchaft ſchaut' ihm drohend
5048 39 5129 1369 Unheil heraus, drum treibt er's in Geheim
5117 41 5198 1286 Mit unſerm Kardinal; und ich vermuthe
5184 33 5267 1634 - Und zwar mit Recht, denn ſicher hat der Kaiſer
5254 44 5343 1383 Gezahlt, eh' er verſprach, ſo daß man ihm
5331 48 5408 1215 Genügt, bevor er forderte - als nun
5393 44 5477 1427 Der Weg mit Gold gepflaſtert war, begehrte
5465 53 5545 1293 Der Kaiſer, daß der Kardinal den Sinn
5529 25 5617 1355 Des Königs lenk und jenen Frieden breche.
5595 19 5714 1579 Der König wiſſe dies, und bald - durch mich -
402 78 480 366 Akt III.
396 1041 502 2484 König Heinrieh der Achte.
549 53 626 1328 Merkt's, ohne Königs Wiſſen oder Willen
621 51 695 1327 Rangt ihr Legat zu ſein, daß alle Biſchöf'
689 50 764 1277 Im ganzen Land' euch untergeben wären.
757 103 838 1602 Norf. Dann ließet über jede Schrift nach Rom
826 46 906 1365 Und ſonſt'ge Länder, „Ego et Rex mens,“
898 48 976 1255 Ihr ſtellen, als wodurch den König ihr
969 59 1041 839 Zu eurem Diener machtet.
1037 130 1105 319 Suff.
1039 854 1114 1590 Dann, als ohne Wiſſen
1107 40 1177 1486 Des Königs und des Staatsraths als Geſandter
1176 42 1251 1421 Ihr zu dem Kaiſer gingt, nahmt kühn genug
1244 40 1320 1439 Mit euch nach Flandern ihr das große Siegel.
1315 98 1392 1760 Surr. Dann ſchicktet unbeſchränkte Vollmacht ihr an
1386 46 1458 1255 Gregor von Caſſalis, um ſonder Willen
1455 40 1530 1437 Des Königs und des Staatsraths mit Ferrara
1522 53 1596 853 Ein Bündnis abzuſchließen.
1594 127 1663 320 Suff.
1593 877 1668 1348 Ferner ließt ihr
1662 43 1734 1201 Aus bloßer Ehrgier euren heil'gen Hut
1731 46 1807 1253 Mit auf des Königs Münzen prägen -
1804 126 1860 334 Surr.
1800 1252 1872 1504 Schicktet
1870 39 1944 1409 Unzählge Summen Geldes - wie gewonnen,
1941 43 2013 1279 Entſcheidet ſelbſt im eigenen Gewiſſen -
2005 37 2082 1452 Nach Rom, um dort zu größern Würden euch
2081 36 2152 1400 Den Weg zu bahnen, Alles bloß zum Unheil
2148 36 2224 1485 Für England. Viele Sünden mehr begingt ihr,
2216 36 2294 1501 Mit denen ich, weil eu'r ſie ſind und ſcheuslich,
2287 45 2360 1105 Mir nicht den Mund beſudeln will.
2358 121 2417 378 Kämm.
2358 1278 2428 1522 Mylord,
2425 33 2505 1621 Drückt den Geſtürzten nicht zu ſehr; 's iſt Tugend.
2498 33 2575 1654 Klar vorm Geſetz liegt ſeine Schuld. Es ſtraf ihn;
2568 35 2640 1508 Nicht aber ihr. Mein Herz weint, den ſo klein
2637 49 2710 1010 Zu ſehn, der einſt ſo groß war.
2704 1069 2781 1610 Ich vergeb' ihm.
2708 128 2764 343 Surr.
2775 93 2848 1763 Suff. Lord Kardinal, des Fernren will der König
2844 37 2917 1445 Weil Alles, was zeither durch eure Macht als
2913 43 2988 1158 Legat in dieſem Königreich ihr übtet,
2981 37 3057 1378 Jn den Bereich der Gutsverwirkung fällt -
3052 44 3128 1147 Daß gegen euch ein Manifeſt erfolgt,
3119 40 3195 1338 Das eurer Güter, Länderein und Schätze,
3192 40 3266 1231 Kurz aller eurer Hab' euch ledig macht,
3259 31 3337 1730 Und Königs Schutz entzieht. - Dies iſt mein Auftrag.
3331 97 3405 1622 Norf. Und ſomit laſſen wir euch, nachzudenken,
3401 37 3474 1446 Wie ihr euch beſſern wollt. Denn euren Trotz,
3471 43 3544 1239 Betreffs der Ueberlieferung des Siegels,
3535 37 3613 1586 Erfährt der König, und wird's Dank euch wiſſen.
3611 45 3684 1396 So lebt denn wohl, ihr frommer Kardinal!
3676 814 3733 1651 (Alle, außer Wolſev, ab.)
3747 98 3823 1775 Wolſ. (allein) So lebt denn wohl, ihr, die ihr mir
3817 469 3893 853 ſo hold ſeid;
3885 44 3959 1260 Und langes Lebewohl all meiner Größe!
3956 33 4031 1675 Das iſt des Menſchen Schickſal. Heute treibts ihm
4025 38 4100 1489 Der Hoffnung zarte Blätter, morgen Blüthen,
4094 41 4170 1388 Und reicht ihm reichlich aller Ehren Frucht;
4163 37 4241 1495 Am dritten Tag kommt Froſt, tödtlicher Froſt;
4233 40 4308 1436 Und - wenn er voll Behaglichkeit ſein Glück
4303 39 4379 1425 In Reife wähnt, zerknickt ihm ſeine Wurzel,
4368 40 4452 1563 So daß er fällt, gleich mir. Gewagt hab' ich's,
4442 40 4517 1493 Wie loſe Bübchen, die auf Blaſen ſchwimmen,
4512 39 4585 1496 Mich in die Sommerſee des Ruhms zu ſtürzen;
4582 41 4656 1493 Doch viel zu tief. Mein hochgeſchwellter Stolz
4651 46 4728 1312 Brach unter mir, und überläßt mich jetzt
4721 45 4796 1293 Dienſtalt und abgemüdet dem Erbarmen
4785 34 4865 1675 Des wilden Stroms, der mich für immer einſchluckt.
4856 36 4936 1628 Weltruhm und nichtger Erdenpomp; ich haſſ' euch!
4930 38 5006 1537 Neu geht das Herz mir auf jetzt. O, wie elend
4999 39 5075 1453 Iſt er, der abhangt von der Fürſten Gnade!
5068 37 5146 1502 Wie weiſ't ſich zwiſchen jenem Lächeln, das wir
5140 40 5214 1499 Erſehnen, jenem Huldblick und dem Zorngrimm
5206 34 5285 1604 Der Fürſten doch mehr Angſt und Weh, als Krieg
5278 41 5354 1395 Und Weiber haben! Und wer dadurch fällt,
5345 50 5425 976 Fällt hoffnungslos wie Luzifer.
5489 1039 5561 1552 Nun, Cromwell?
5529 119 5633 1263 Cromw. Jch kann nicht reden, Sir.
5624 146 5694 364 Wolſ.
5622 1236 5702 1760 Wie? So beſtürzt
5689 39 5779 1683 Ob meinem Unglück? Kann dein Muth ſich wundern
437 23 515 282 Att V.
432 1004 544 2424 König Heinrich der Achte.
587 2 662 1270 Am Bierfaßzapfloch liegt ihr hier, wo ihr
657 -1 733 1606 Dienſt thun ſollt. Hört ihr die Drommeten klingen?
728 6 800 1234 Sie kommen von der Taufe ſchon zurück.
795 -8 871 1730 Auf! Brecht durch das Gedräng und bahnt den Weg, daß
864 -5 941 1603 Der Zug frei durch kann; traun, ſonſt find' ich euch
934 1 1010 1398 Ein Hundeloch, zwei Monden drin zu ſpielen!
1004 57 1079 1567 Thorw. Platz da, für die hohen Herrſchaften!
1072 53 1149 1733 Knecht. Du großer Kerl, tritt auf die Seite, oder ich
1143 15 1217 761 mache dir Kopfſchmerzen!
1210 53 1288 1735 Thorw. Du da im Kamelot! Aus dem Gehäg',
1280 0 1359 1489 oder ich werfe dich kopflinks über das Pfahlwerk!
1487 422 1559 1218 Bierter Auftritt.
1584 559 1661 1157 Greenwich - Palaſt.
1367 1353 1420 1601 (Alle ab.)
1683 35 1743 1737 (Blaſende Trompeter; dann zwei Aldermen, der Lord
1734 85 1794 1735 Mavor. Ein  Wappenkönig, Cranmer, der Her-
1782 83 1842 1735 zog von Norfolk it dem Marſchallsſtade, der Herzog
1836 84 1893 1735 von Suffolk, zwei Edelleute, welche großie Trink-
1884 85 1946 1734 ſchalen auf Fußgeſtellen, zur Aufnahme der Taufgeſchenke
1935 87 1994 1736 tragen; dann vier Edelleute, die einen Baldachin tragen,
1983 87 2043 1735 unter welchem die Herzogin von Norfolk, als Gevat-
2036 82 2092 1735 terin, geht und das Kind trägt, das reich in herabhängenden
2084 84 2144 1737 Mantel gekleidet iſt. Eine Edeldame trägt der Herzo-
2134 -2 2192 1740 gin die Schleppe. Dann folgt die Marquiſe von Dorſet
2185 86 2244 1736 als zweite Gevatterin. Der Zug umkreiſet die Bühne und
2237 103 2293 954 der Wappenkönig ſpricht:)
2310 56 2390 1736 Wapp. Himmel, verleihe nach deiner unendlichen
2385 -5 2461 1741 Gnade glückſeliges, langes, und ſtets heilvolles Leben der
2454 -6 2532 1738 hohen und mächtigen Prinzeſſin von England, Eliſabeth!
2541 161 2601 1641 Trompeten. Der König und Gefolg treten auf.)
2609 54 2713 1740 Cranm. (knieend) Und für euch, hoher Herr, und
2680 435 2754 848 unſre Kön'gin
2749 3 2824 1268 Flehn wir, die edlen Pathinnen und ich:
2795 0 2893 1436 Allstündlich werd' in disem theu'rſten Kind'
2889 9 2963 1183 Euch jeder Troſt und jede Freude, die
2929 -1 3033 1440 Der Himmel je beglückten Eltern schenkte!
3029 56 3105 1743 K. Heinr. Nehmt unſern Dank, werther Lord Erz-
3097 444 3168 645 biſchof.
3168 19 3238 633 Wie iſt ihr Nahm?
3233 75 3308 930 Cranm. Eliſabeth.
3305 902 3376 1427 Steht auf, Lord.
3307 90 3380 449 K. Heinr.
3375 -6 3448 1749 (Indem er das Kind küßt.) Mit dieſem Kuß nimm meinen
3443 439 3517 933 Segen. Schütze
3511 2 3586 1209 Dich Gott! In ſeine Hand dein Leben!
3587 91 3644 379 Cranm.
3582 1204 3642 1392 Amen.
3650 56 3728 1746 K. Heinr. Vieledle Pathen, ihr ſeid zu verſchwen-
3718 451 3795 626 driſch.
3787 0 3881 1470 Ven Herzen Dank; ihn ſag' auch die Prinzeſſin,
3860 17 3935 841 Sobald ſie Engliſch ſpricht.
3926 832 4004 1729 Gönnt mir das Wort, Sire.
3935 94 3992 380 Cranm.
3995 -1 4074 1531 Der Himmel heißt mich ſprechen, und mein Wort
4065 1 4145 1544 Sei Schmeichelei nicht; denn beſtät'gen wird's ſich.
4136 0 4214 1482 Dies Königskind (der Himmel ſchirm es ſtets!)
4206 5 4305 1409 Zwar in der Wiege noch, verheißet dennoch
4277 7 4351 1252 Dem Lande tauſend, tauſend Segnungen,
4344 2 4421 1457 Zu reifen durch die Zeit. Ein Muſter wird ſie
4412 2 4490 1631 (Wenn Wen'g' auch nur von uns dies Heil erleben,)
4485 14 4562 1036 All ihren Fürſtenzeitgenoſſen ſein,
4552 8 4630 1306 Und allen die ihr folgen. Saba's Kön'gin
4621 2 4700 1543 War durſt'ger nie nach Weisheit und nach Tugend,
4695 10 4768 1236 Als dieſe reine Seel es ſein wird. Alle
4763 8 4840 1373 Fürſtliche Huld, die ſolch ein Kleinod adelt,
4832 7 4911 1365 Wird zwiefach in ihr ſein mit jeder Tugend,
4903 10 4978 1201 Womit ſich Edle ſchmücken. Wahrheit
4972 3 5046 1435 Wird Amm' ihr ſein, fromm-heiliger Gedanke
5041 6 5119 1381 Stets Rath ihr geben. Lieben wird man ſie
5111 3 5188 1449 Und fürchten. Segnen werden ſie die Jhr'gen;
317 373 385 524 822
297 1839 406 2421 Perikles,
451 336 533 1890 Auf ſchwankem Schiff; o, fördre du die Wehn der
309 3423 386 3689 Akt III.
441 2022 529 3597 2. Matr. Wir ſind in der Nähe von Tharſus.
517 2031 600 3226 Per. Dorthin, Freund Seemann;
522 341 600 1619 Kreiſenden Kön'gin! - Nun, Lychorida?
584 396 670 3620 (Luchorida tritt mit einem neugebornen Kinde auf. Lent ab von Tyrus. Wann kannſt dus erreichen?
663 2126 742 3729 2. Matr. Mit Tageeanbruch, ſo der Wind ſich legt.
867 343 935 1725 Umarmt dies Stück von eurer todten Gattin.
938 423 1016 1363 Per. Wie? Wie, Lychorida?
1001 408 1087 2080 Lych. Geduld, Herr! Wollt dem Sturm nicht Bei-
1079 785 1149 1163 ſtand leiſten!
1144 344 1224 1576 Hier all was lebt von eurer Königin -
1216 349 1294 1489 Ein Töchterchen; um ihretwillen zeigt
1286 356 1362 1262 Euch männlich und getröſtet.
1352 1250 1427 1730 O, ihr Götter!
1365 443 1432 601 Per.
1426 343 1498 1677 Was macht ihr eure Gaben erſt uns werth,
1493 340 1569 1832 Und nehmt ſie dann uns plötzlich? Wir hienieden
1564 346 1642 1570 Begehren, was wir geben, nicht zurück,
1636 348 1712 1506 Und nehmen's ſo mit eurer Ehr' auf!
1707 439 1780 609 Lych.
1776 362 1839 944 Des Kindes willen!
1703 1520 1779 1911 Still, Herr;
1842 982 1918 1784 Nun, ſei mild dein Leben,
1851 440 1921 595 Per.
1911 338 1986 1870 Denn ſtürm'ſcher ward noch nie ein Kind geboren.
1980 339 2058 1879 Mild ſei und friedſam von Gemüth! Denn rauher
2050 342 2126 1743 Ward von der Welt kein Fürſtenkind begrüßt.
2120 339 2197 1875 Was nun noch folgt, ſei Glück! So polternd als
2191 342 2268 1762 Luft, Erde, Feu'r und Waſſer es nur können,
2261 347 2335 1643 Aus dem Gebärſchooß dich herauszukunden,
2328 341 2407 1924 Stellt ſich dein Horoſtop dir. Schon beim Eintritt
2397 346 2475 1659 Verlorſt du mehr, als jemahls Hafenglück
2469 342 2547 1743 Dir hier gewähren kann. Ihr guten Götter!
2540 348 2619 1569 Vollgnädig blickt fortan auf dieſes Kind.
2623 770 2682 1650 (Zwei Matroſen treten auf.)
2674 415 2758 2085 1. Matr. Wie ſteht's um den Muth, Herr? Gott
2751 368 2827 769 beſchütz' euch!
2809 414 2898 2084 Per. Wohl um den Muth! Ich fürchte nicht den
2890 798 2960 1039 Sturm;
2953 345 3031 1822 Er that mir Schlimmſtes an. Jedoch aus Liebe
3026 354 3103 1545 Zu dieſem armen Töchterlein, zu dieſer
3091 350 3174 1606 Neuangelangten Schiffrin, wollt' ich doch
3165 364 3242 1066 Es ſtürmte nicht mehr.
3228 415 3307 2084 1. Matr. Laßt's Boiſeil los! Du willſt nicht? Willſt
3309 364 3382 1097 du? Blaſ' und zerplatze
3367 410 3446 2083 2. Matr. Nur hohe See, und die ſalzige und trübe
3437 340 3526 1989 Woge mag den Mond küſſen; mich kümmert es nicht!
3509 414 3591 2082 1. Matr. Herr, eure Gemahlin muß über Bord
3580 341 3663 2085 die See geht hoch, der Wind raſ't und Beide geben ſich
3649 339 3731 2086 nicht eher zur Ruh', als bis das Schiff von dem Leichnam
3731 368 3805 894 geſäubert worden.
3789 428 3873 1410 Per. Das iſt eu'r Aberglaube.
3858 413 3937 2082 1. Matr. Verzeiht uns, Herr; bei uns auf dem
3928 339 4007 2084 Meere iſt dem ſtets nachgelebt worden, und wir beſtehen
3996 342 4079 2087 darauf in allem Ernſte. Drum machts kurz und gebt
4066 345 4152 1967 die Leiche heraus; ſie muß ohne Weiteres über Bord.
4135 415 4223 2088 Per. Seis, wie's euch recht dünkt. - Jammerns-
4206 790 4283 1255 werthe Gattin!
4280 433 4358 1318 Lych. Dort liegt ſie, Herr.
4342 420 4430 1935 Per. Entſetzlich Kindbett hatteſt du, o Theure!
4417 352 4500 1678 Nicht Licht, nicht Feur; unholde Elemente
4481 351 4570 1815 Vergaßen deiner ganz, und mir wird Friſt nicht
4556 355 4637 1589 Dich ſtandesmäßig zu beſtatten; hurtig,
4626 353 4706 1661 Kaum eingeſargt, ſollſt du hinab zur Tiefe,
4694 348 4776 1926 Wo ſtatt des Denkſteins über deinem Leichnam, und
4763 354 4845 1668 Statt ew'gen Lampenlichts der Haifiſch und
4835 353 4908 1663 Des Meers Gebrauſe dein Gebein umtoſen,
4902 356 4990 1594 Wo du bei Muſcheln liegſt - Lychorida,
4974 354 5057 1807 Gewürz, Dint' und Papier ſoll Neſtor bringen,
5044 357 5126 1649 Auch mein Juwelenkäſtchen, und Nikander
5114 360 5193 1553 Die Seidenkiſte; leg' das Kindlein auf
5180 356 5263 1773 Den Pfühl. Beeil dich, während ich von ihr
5254 356 5335 1790 Prieſterlich Abſchied nehme. - Hurtig, Weib
5323 1469 5377 1958 (Lvchorida ab.)
5389 424 5464 2092 2. Matr. Herr, wir haben eine verkeilte und ver-
5461 369 5538 1354 pichte Kiſte unterm Deck ſtehen.
5527 427 5605 2095 Per. Dank dir. Matros, was für ein Strand iſt
5598 806 5657 952 dies?
729 2142 804 3111 Per. Geſchwind gen Tharſus!
870 2063 946 3430 Hält es das Kind nicht aus. Jn gute Pflege
365 462 439 618 824
347 1865 457 2445 Perikles,
502 495 576 2170 Cer. Iſt, was ihr ſagt, wahrhaftger Vorſatz, Kön'gin,
571 432 648 1952 So ſteht unfern von hier der Dianentempel,
639 438 716 1744 Wo bis zum Sterben ihr verweilen mögt;
708 432 789 1955 Auch kann, gefällt's euch, meine Nicht euch dort
784 457 856 1003 Geſellſchaft leiſten.
846 1032 920 1776 All mein Lohn iſt Dank.
856 532 925 813 Thaiſa.
916 435 999 1834 Mein guter Will iſt ſtark, doch thatenkrank.
983 1768 1041 2089 (Beide ab.)
1170 830 1263 1760 Vierter Aufzug.
1305 1006 1360 1599 (Gower tritt auf.)
1385 507 1461 1706 Gow. Denkt Perikles zu Tyrus euch,
1457 576 1536 1634 Willkommen hoch in ſeinem Reich;
1527 581 1602 1325 Zu Epheſus die Königin
1596 577 1668 1619 Betrübt, als Dianens Prieſterin.
1669 570 1743 1678 Den Geiſt dann zu Marinen neigt,
1737 568 1811 1736 Die unſer wachſend Spiel euch zeigt
1804 568 1881 1790 Zu Tharſus, wo durch Kleon's Müh'
1875 567 1949 1620 In Kunſt und Wiſſenſchaften ſie,
1945 573 2020 1535 Und Bildunganmuth ſo gedeiht,
2015 572 2091 1649 Daß hoch verwundert und erfreut
2084 565 2160 1771 Drob Jeder iſt. Doch, Schabernack!
2155 563 2226 1797 Das Unthier Neid, gar oft zu Wrack
2223 566 2295 1669 Verdientem Lob, ſucht an Marinen
2291 568 2367 1551 Verräthermordlohn zu verdienen.
2360 557 2439 1834 Die Tochter Kleon's, frech von Stirne,
2429 559 2506 1788 War ſolch Geſchöpf, erwachſne Dirne,
2501 570 2576 1531 Zum Ehgefecht ſchon reif ſogar,
2570 567 2650 1573 Hieß Philoten; und völlig wahr
2639 563 2719 1658 Sagt die Geſchicht, es fiel ihr ein,
2710 565 2781 1580 Gern um Rarina ſtets zu ſein,
2776 562 2854 1687 Sie mocht' nun weben Seidenzwillch
2848 560 2928 1758 Mit zarten Fingern weiß wie Milch;
2919 562 2990 1507 Oder mit ſcharſer Nadel wund
2988 559 3062 1611 Den Cambrick ſtecken, daß geſund
3058 564 3136 1568 Er würd; oder bei Lautenklang
3127 557 3208 1561 Singen, daß Philomelens Sang
3197 553 3274 1584 Drob ſtill ward; oder ihren Kiel
3267 553 3341 1606 In reicher Dichtung ernſtem Spiel
3337 554 3414 1628 Der Herrin Diana weihen: immer
3404 552 3485 1806 Rang Philoten ihr nach, wich nimmer
3476 556 3553 1510 Der Hochgebild'ten; alſo ringt
3545 550 3624 1674 Mit Paphos' Tauben weißbeſchwingt,
3617 553 3690 1558 Die Krähe wohl. Marinen zollt
3684 555 3759 1631 Man Lob als ſchuldgen Ehrenſold,
3752 544 3830 1900 Nicht als Geſchenk: dies ſchwächt gar arg,
3826 551 3901 1536 Was Philoten noch Gutes barg.
3892 544 3970 1782 Drauf Kleon's Weib mit ſeltnem Neid
3963 549 4045 1518 Flugs einen Mörder hält bereit,
4033 549 4108 1619 Daß durch Marinas Tod ihr Kind
4103 544 4179 1695 Ausſchließlich Lob und Preis gewinnt.
4171 548 4252 1594 Wohl um ſo leichter ſie's erſtrebt,
4239 545 4320 1690 Da längſt die Amme nicht mehr lebt.
4312 554 4387 1570 Es fand Dionyſa, die verfluchte,
4378 544 4456 1712 Die Mörderfauſt, nach der ſie ſuchte,
4447 544 4527 1756 Zu dieſem Streich. Noch Ungeſchehnes
4520 546 4595 1673 Sei demnach bald für euch Geſehnes.
4588 549 4669 1497 Die flügelſchnelle Zeit trag' ich
4654 544 4736 1664 Auf lahmem Reimfuß, daß ſie ſich,
4725 552 4809 1543 Zieht in Gedanken ihr mir nach,
4799 546 4877 1534 Euch deutlicher noch zeigen mag.
4867 545 4946 1688 So ſeht denn Kleon's Weib und ihn,
4938 550 5019 1395 Den Meuchelmdrder Leonin.
5075 952 5148 1579 Erſter Auftritt.
5171 604 5260 1926 Tharſus. Ein offner Platz am Seeſtrande.
5274 694 5337 1846 (Dionvſa und Leon in treten auf.)
5356 462 5438 2140 Dion. Denk deines Eids, du haſt die That geſchworen;
5427 403 5502 1690 Es iſt ein Streich, den Keiner je erfährt.
5498 394 5572 1956 Nichts auf der Welt kannſt du ſo ſchnell vollziehen,
5565 398 5646 1817 Was größern Vortheil brächte. Laß nicht dein
5637 401 5716 1714 Gewiſſen, das nur kalt iſt, dir im Buſen
345 309 417 452 178
322 1434 425 2559 Verlorne Liebesmühe.
497 327 576 2001 Boyet. Ins Schwarz' - o merkt's! Ins Schwarze!
564 742 641 1447 Das kitzelte ſie höchlich.
630 261 711 1970 Steckt einen Stift hinein und meßt es aus wo möglich.
705 336 782 2004 Mar. Weit ab! O, weit gefehlt! Ihr zielt wahrhaf-
775 758 852 1091 tig ſchlecht.
842 330 925 2007 Plump. Ja, grad aus muß er ſchießen, ſonſt trifft
913 751 987 1246 er nimmer recht.
983 330 1061 2007 Boyet. Hab' ich das Ziel verfehlt, ſteckt ihr wohl
1054 750 1114 1225 mitten drinnen?
1123 328 1200 2010 Plump. Sie ſpaltet dann den Stift und wir den
1194 750 1267 1233 Preis gewinnen.
1260 333 1336 2010 Mar. Beſudelt nicht den Mund euch. Sprecht nicht
1331 747 1406 1468 ſo frech, habt Acht!
1397 329 1478 2013 Plump. Für'n Stift iſt ſie zu ſpröd' euch, auf Ku-
1472 752 1546 1263 geln ſeid bedacht.
1537 334 1615 2012 Boyet. Ich fürchte mich vor Reibung. Du Eul-
1608 751 1685 1301 chen, gute Nacht
1674 989 1733 1895 (Bonet und Maria gehen ab.)
1746 334 1823 2012 Plump. Mein Sir, ein grober Kerl, ein Bauern-
1818 751 1891 1318 klotz, ein Lümmel!
1881 265 1959 2011 Wie wiſchten ihn die Damen, wie ich ihn an - o Himmel!
1953 267 2032 2008 Wahrhaftig, leckre Späßchen, durchtriebner Pöbelwitz
2024 268 2101 2013 Recht fließend, glatt und ſchlüpfrig und paſſend - ei,
2099 756 2173 1136 potz Blitz!
2160 272 2235 1839 Und einerſeits Armado - ein allerliebſter Schächer,
2227 268 2309 2013 Geht vor der Dam' er her und trägt ihr ihren Fächer;
2300 272 2377 1940 Zu ſehen, wie er ſchwört und ihr das Händchen küßt!
2371 269 2451 2010 Und andrerſeits ſein Page, der'n Stück von Witzbold iſt.
2440 274 2516 1821 O Himmel! was iſt das für'n pathetiſches Geniſt!
2512 265 2586 2016 (Man hört von außen ſchießen). Holla! Holla! (Er läuft ab.)
2645 798 2723 1491 Zweiter Auftritt.
2743 688 2823 1591 Ein anderer Theil des Parks.
2835 396 2906 1888 (Holofernes, Nathanael und Toll treten auf.)
2920 337 3011 2014 Nath. Höchſt ehrenwerthes Waidwerk, fürwahr; und
2991 272 3075 1830 betrieben unter dem Zeugnis eines guten Gewiſſens.
3062 339 3144 2013 Hol. Das Reh war, wie ihr wiſſet, in sanguis, in
3129 268 3217 2018 Blut; reif wie ein Paradiesapfel, der zuerſt wie ein Ju-
3200 269 3284 2015 wel im Ohre des coeli, der Luftregion, des Firmamentes,
3268 271 3356 2017 des Himmels hängt, und dann wie ein Holzapfel nieder-
3337 271 3425 2017 fällt auf das Antlitz der terra, des Bodens, des Ackers,
3410 307 3468 589 der Erde.
3475 344 3564 2016 Nath. Richtig, Meiſter Holofernes; die Epitheta va-
3547 272 3626 2020 riiren allerliebſt, mindeſtens ſo gut, wie bei einem Ge-
3618 272 3701 2019 lehrten. Aber, Herr, ich verſichere euch, es war ein
3685 299 3760 932 fünfjähriger Rehbock.
3757 353 3831 1498 Hol. Herr Nathanael, haud credo.
3826 342 3909 2016 Toll. Es war kein haud credo, es war ein Spießhirſch.
3896 345 3977 2017 Hol. Barbariſche Intimation, dennoch eine Art von
3966 273 4048 2021 Inſinuation, gewiſſermaaßen in via, d. i. auf dem Wege
4036 273 4118 2020 der Explication facere oder gemacht; gleichſam eine re
4106 278 4187 2021 plicato, oder vielmehr ein ostentare, d. i. zur Schau
4176 278 4257 2020 tragen, und zwar ſeine Inclination - nach ſeiner unge-
4245 277 4327 2023 hobelten, unpolirten, unerzogenen, unbeſchnittenen, unge-
4315 275 4396 2022 bildeten, oder vielmehr ungelehrten, oder am vielmeiſten
4383 276 4466 2025 unhaltbaren Weiſe, um mein haud credo für einen Spieß-
4450 306 4526 831 hirſch auszugeben.
4522 347 4603 2021 Toll. Jch ſagte, der Rehbock wäre kein haud credo,
4594 298 4665 1159 ſondern er war ein Spießer.
4663 347 4741 2022 Hol. Zweifach geſottene Einfalt , bis coctus! O, du
4732 280 4807 2021 Ungeheuer von Unwiſſenheit, wie ungeſtaltet ſiehſt du aus!
4802 349 4883 2021 Nath. Herr, er hat ſich nie mit den Leckerbißlein ge-
4867 280 4953 2023 füttert, die da in Büchern bereitet ſind; er hat kein Pa-
4940 244 5026 2023 pier gefreſſen, hat gleichſam niemahls Dinte getrunken;
5009 244 5090 2024 ſeine Geiſteskraft iſt nicht ausgequollen; er iſt nur ein
5072 234 5165 1841 Thier, nur an ſeinen tolleren Theilen empfindlich;
5145 230 5246 2025 und ſolche dürre Pflanzen ſtehn vor uns, die wir Ge-
5219 759 5298 1570 ſchmack und Gefühl haben,
5255 243 5387 2025 Damit wir Gott danken, der mehr als ihm uns ſchenkte
5358 764 5441 1396 fruchtreichere Gaben
5386 231 5523 2026 Denn wär' ich eitel und vorlaut und närriſch, würd's
5497 769 5574 1260 übel mir ſtehen:
5525 229 5651 2024 So auch wär' es Pasquill auf Gelahrtheit, würd' ihn in
5640 760 5720 1439 der Schule man ſehen.
317 19 397 268 Akt V.
305 1098 414 2241 Verlorne Liebesmühe.
474 23 535 1688 (Der König. Biron, Longueville und Dumain
525 65 584 1687 in ruſſiſcher Kleidung, treten maskirt auf. Motte, Muſi-
578 90 635 568 ker, Gefolge.)
641 34 719 1685 Motte (begrüßend). „Heil ſei den ſchönſten Schönen
713 428 785 853 dieſer Erde!“
779 40 856 1681 Boyet. Nicht ſchöner als ihr ſchöner Maskentaffent.
854 36 927 1684 Motte. (fortfahrend). „Der heil'gen Gruppe wunder-
924 431 998 872 holder Frauen,
988 -7 1065 1459 „Die Männern je - den Rücken - zugekehrt!“
1057 -12 1136 1682 Bir. (heimlich zu ihm). „Die Blicke,“ Schlingel ſprich:
1132 428 1203 907 „die Blicke -“
1197 39 1276 1686 Motte. (fortatrend). „Die Männern je die Blicke zu-
1269 433 1343 666 gekehrt!
1342 26 1410 247 „Aus -
1405 45 1482 1395 Boyet. Richtig! Aus ſeis, in der That!
1477 39 1551 1682 Motte. (fortfahrend). „Aus Gunſtverwill'ung, Himm-
1545 429 1622 878 liſche, gewährt
1616 16 1691 734 „Nicht, anzuſchaun -“
1684 51 1761 1288 Bir. „Doch, anzuſchaun,“ du Tölpel!
1755 43 1831 1684 Motte. (fortfahrend). ,Doch, anzuſchaun mit ſonnen-
1825 419 1899 1084 gleichen Augen - -“
1895 11 1970 1046 „Mit ſonnengleichen Augen - -“
1960 46 2040 1588 Boyet. Sie wollen auf dies Epithet nicht hören;
2035 4 2109 1325 Sprecht alſo nur: „„mit evagleichen Augen.“
2313 5 2387 1340 Verſtehn ſie unſre Sprach', iſt's unſer Wille,
2384 7 2460 1251 Daß Einer ſchlicht uns ihre Meinung ſage.
2455 25 2526 650 Fragt, was ſie wollen.
2520 624 2598 1670 Was begehrt ihr von der Fürſtin?
2524 82 2592 283 Boyet.
2591 51 2668 1547 Bir. Nur Friedliches und freundlichen Empfang.
2663 59 2735 1249 Roſ. Was ſagen ſie? Was wollen ſie?
3007 11 3085 1277 Mit ihr Maſurka auf dem Gras zu tanzen.
3079 56 3155 1447 Bonet. Sie ſagen, viele Meilen maaßen ſie,
3147 11 3224 1294 Mit euch Maſurka auf dem Gras zu tanzen.
3219 54 3294 1681 Roſ. Das iſt nicht wahr. Fragt ſie, wie viele Zoll
3285 8 3368 1327 Die Meile hält; wenn ſie denn viele maaßen,
3354 11 3433 1239 Iſt's Maaß von einer Meile leicht gezählt.
3426 51 3504 1678 Boyet. Wenn herzukommen, ihr viel Meilen maaßet,
3493 13 3575 1291 So heißt euch die Prinzeſſin, mir zu ſagen,
3565 18 3642 1050 Wie viele Zoll auf eine Meile gehn.
3635 53 3714 1681 Bir. Sagt ihr, wir maaßen ſie mühſel'gen Schrittes.
3705 71 3784 964 Boyet. Sie hört euch ſelbſt.
3775 88 3847 214 Roſ.
3774 768 3852 1667 Wie viel mühſel'ge Schritte
3842 16 3923 1199 Rühſel'ger Meilen, die zurück ihr legtet,
3911 24 3993 1032 Zählt die zurückgelegte Meile denn?
3981 55 4063 1681 Bir. Wir zählen nicht, was wir für euch verthun;
4049 21 4132 1183 So reich iſt, ſo unendlich unſre Pflicht,
4120 21 4201 1099 Daß wir ſie ohne nachzurechnen üben.
4190 19 4267 1230 Gewährt uns eures Anblicks Sonnenſchein,
4259 20 4339 1217 Daß wir wie Wilde knieend ihn verehren.
4330 57 4408 1682 Roſ. Umwölkter Mondſchein wär's, wenn ich mich wieſe.
4401 57 4481 1604 Kön. Heil Wolken, die ſo wolkig ſind, wie dieſe!
4464 14 4552 1595 Schein uns, o Mond, laß deine Stern' auch ſcheinen
4535 22 4621 1279 So wolkenleer auf unſer Aug' voll Weinen!
4672 16 4769 1366 Ihr fleht ja nur um Mondenſchein im Waſſer.
4749 58 4830 1676 Kön. Nun, ſo gewährt ein kurzes Tänzchen endlich!
4811 16 4901 1353 Ich ſollte flehn  dies Flehen iſt verſtändlich.
4888 56 4969 1677 Roſ. Auf denn, Muſik! Doch hurtig! Nichts geſchont!
4963 594 5018 1031 (Muſik erklingt)
5000 8 5090 1679 Nicht doch! Kein Tanz!  So wechſl' ich wie der Mond.
5076 50 5160 1683 Kön. Wie? Doch kein Tanz? Tragt ihr den Spott
5155 435 5215 779 im Gürtel?
5213 53 5301 1679 Roſ. Der Mond war voll; jetzt ſteht er flugs im Viertel.
5284 51 5366 1682 Kön. Doch blieb er Mond, und ich der Mann im Mond.
5348 16 5440 1137 Muſik erklingt! Verleihet uns Gehör
5422 69 5511 969 Roſ. Mein Ohr thut's ſchon.
5493 85 5554 230 Kön.
5497 852 5574 1661 Thät's euer Fuß vielmehr!
5562 49 5646 1683 Roſ. Fremd ſeid ihr und durch Zufall hier, da kann's
5624 3 5717 1678 Geſchehn -  hier meine Hand - - Nein, nein, kein Tanz!
5623 1664 5709 2950 Der Biron war ganz außer Takt gebracht.
5723 1631 5780 1732 lX.
323 39 403 244 Akt l.
305 958 414 2426 König Heinrich der Vierte.
464 12 541 1260 und nichts ergötzt wie ſeltnes Ueberraſchen.
535 10 613 1197 Werf' ich drum dieſes lockre Weſen ab,
600 5 684 1486 und zahle Schuld, zu der mich nichts verpflichtet,
675 9 748 1284 So bin ich ſo viel beſſfer, denn mein Wort,
742 14 820 1017 Als ich der Leute Hoffen übertraf.
814 6 889 1368 Gleich blendendem Metall auf mattem Grund,
883 8 961 1320 Glänzt meine Beſſrung über meiner Schuld,
953 6 1032 1394 Zeigt frömmer ſich, und lockt mehr Augen an,
1023 3 1101 1426 Als das, was ſich durch Folie nicht hervorhebt;
1090 5 1167 1362 So daß Verdienſt aus meinen Sünden ſprach,
1164 -1 1237 1571 Die Zeit verſöhnend, eh' man's ahnen mag. (ab.)
1314 484 1387 1183 Dritter Auftritt.
1414 199 1490 1487 London. Ein anderes Gemach im Palaſt.
1511 30 1571 1718 (König Heinrich, Northumberland, Worceſter,
1565 79 1627 1514 Heißſporn, Walter Blunt u. A. treten auf.
1646 49 1724 1551 Kön. Mein Blut war zu gemäßigt und zu kalt,
1719 5 1793 1080 Unfähig zu erglühn ob dieſer Unbill.
1787 0 1862 1272 Und ihr erforſchtet mich; denn dem zufolge
1852 -3 1932 1428 erſtampft ihr die Geduld mir; doch ſeid ſicher,
1924 -7 2001 1554 Ich will fortan weit mehr ich ſelbſt, will mächt'ger,
1998 3 2073 1108 Gefürchteter als mein Charakter ſein,
2066 -5 2138 1488 Der mild wie Oel war, ſanft wie junge Daunen,
2135 -2 2208 1379 Und drum ſein Recht auf jene Achtung mißte,
2209 0 2281 1179 Die ſtolze Seele nur dem Stolzen zollt.
2273 41 2350 1717 Worc. Mein hoher Lehnsherr, unſer Haus verdient's
2346 404 2419 560 nicht,
2412 -2 2489 1301 Daß ſich an ihm der Hoheit Geißel abnutzt,
2483 0 2558 1213 Und jener Hoheit, der mit unſrer Hand
2553 0 2628 1184 Wir halfen, ſich ſo ſtattlich zu erheben.
2623 61 2697 854 North. Mein König -
2686 40 2769 1558 Kön. Hinweg, Worceſter, denn ich ſeh' Gefahr
2763 -3 2837 1283 Und Ungehorſam dir im Aug'! Ja, Herr,
2829 -1 2906 1214 Zu kühn, zu herriſch iſt mir eure Nähe,
2902 -3 2974 1272 Und Majeſtät mag's nimmermehr ertragen,
2965 -4 3040 1357 Daß eines Dieners Stirn ſich mürriſch furcht.
3040 -7 3112 1344 Ihr habt Verlaub uns zu verlaſſen; brauchen
3109 -4 3185 1283 Wir euch und euren Rath , ſo ſchicken wir.
3174 1069 3235 1584 (Worceſter ab.)
3248 -4 3322 1253 (Zu Northumb.) Ihr wolltet reden -
3317 71 3389 296 North.
3316 1014 3392 1680 Ja, mein edler Herr.
3384 -3 3459 1193 Gefangne, die mein König hat begehrt,
3456 -6 3529 1300 Und die zu Holmedon Harry Perey machte:
3523 -5 3598 1358 Sie wurden, wie er ſagt, nicht gar ſo ſtreng
3593 -4 3668 1231 Geweigert, als man euch es hinterbrachte.
3662 -9 3736 1428 So iſt denn Neid, wenn nicht ein Misverſtand,
3730 -12 3809 1545 Doch nicht mein Sohn hier ſolchen Fehlers ſchuldig.
3804 38 3881 1707 Heißsp. Nicht weigert' ich, mein Lehnsherr, die
3877 447 3947 778 Gefangnen.
3936 -17 4018 1708 Doch weiß ich's noch, daß als die Schlacht gekämpft war,
4009 -13 4085 1568 Und ich von Grimm und ſchweren Kampfmühn dürr
4080 -12 4152 1525 Und athemlos und matt aufs Schwerd mich ſtützte,
4147 -5 4223 1234 Gewiſſer Herr nett aufgeputzt daher kam,
4217 -16 4294 1673 Schmuck wie ein Bräut'gam, friſch gemäht ums Kinn,
4287 -7 4365 1309 Wie'n Stoppelfeld zur Zeit des Erndtefeſts;
4356 -7 4430 1304 Wohlriechend war er wie ein Salbenkrämer,
4429 -6 4502 1254 Und zwiſchen Daumen hielt und Finger er
4494 -8 4572 1389 Ein Moſchusbüchschen, das er dann und wann
4564 -3 4644 1185 Zur Naſe führt und wieder ſinken ließ,
4632 -5 4714 1251 Daß dieſe drob erzürnt zuletzt zu ſchnauben
4700 -14 4786 1592 Anfing - und dabei greint und ſchwatzt' er raſtlos;
4776 -4 4846 1197 Und als die Söldner nun an ihm vorbei
4843 -6 4920 1283 Die Leichen trugen, ſchalt er ſie für plump
4916 -7 4989 1301 Und unmanierlich, weil ſie garſt'gen Körper
4982 -8 5058 1367 Ihm zwiſchen Wind und ſeinen Adel brachten.
5052 -11 5131 1467 Mit manchem Fei'rtags, manchem Weiberſchnack
5122 -5 5198 1244 Fiel er mir läſtig, und begehrt' am End'
5191 -4 5268 1206 Jn euer Hoheit Nahmen die Gefangnen.
5260 -11 5339 1483 Ich, ſchmerzvoll durch die kaltgewordnen Wunden
5331 -3 5407 1133 Und arg geplagt von ſolchem Papagei,
5397 -5 5475 1238 Gab, ſo von Weh wie Ungeduld gequält,
5466 -11 5546 1469 Nachläſſge Antwort - welche, weiß ich nicht -
5535 -18 5618 1747 Er ſollt - und ſollte nicht - denn toll machts mich,
5608 -6 5684 1266 Wie er ſo blank ſchien und ſo ſüßlich roch,
5683 1653 5741 1788 XX.
291 307 431 511 426
312 1327 416 2777 König Heinrich der Vierte.
444 276 543 2071 dig ſein! Dieſer ſanguiniſche Feigling, dieſer Bettdrücker,
536 280 611 2073 dieſer Pferderückenbrecher, dieſer plumpe Fleiſchhügel - -
604 280 679 2076 Falſt. Hinweg mit dir, du Hungerleider, du Elfen-
669 281 750 2077 fell, du gedorrte Rindszunge, du Ochſenziemer, du Stock-
742 281 818 2073 fiſch! - Uf! Der Athem fehlt mir um auszuſprechen,
815 321 888 2073 was dir gleicht! Du Schneiderelle, du Scheide , du Bo-
887 325 958 1901 genkapſel, du elender , abgenutzter Stoßdegen - -
953 391 1030 2074 Pr. Heinr. Recht ſo; verſchnaufe ein Weilchen, und
1025 322 1099 2077 dann fange von neuem an; und wenn du dich in nieder-
1091 323 1167 2073 trächtigen Vergleichungen erſchöpft haſt, ſo höre nur - -
1165 408 1236 1287 Poins. Merk' auf, Hans!
1230 391 1306 2076 Pr. Heinr. Wir Beide ſahen euch Vier vier Ande-
1303 322 1377 2078 re anfallen; ihr bandet ſie dann und wurdet Herren ihrer
1370 322 1445 2077 Barſchaften. - Jetzt merke, wie ein Mährchen zunicht
1442 322 1516 2074 gemacht wird. Dann fielen wir Zwei euch Vier an; und,
1511 323 1583 2076 mit einem Worte, jagten euch von eurer Beute fort, und
1581 326 1657 2078 haben ſie; ja, und können ſie zeigen, hier in dieſem Hau-
1651 324 1723 2075 ſe. Und, Falſtaff, du ſchleppteſt deine Panze ſo behende,
1720 323 1793 2076 mit ſo hurtiger Behendigkeit hinweg, und heulteſt ſo um
1790 324 1861 2078 Erbarmen, und liefſt, und heulteſt, wie jemahls ein Bul-
1859 324 1930 2076 lenkalb heulte. Elender Sklav, der du biſt, daß du dein
1929 322 2002 2077 Schwerd zerhackteſt, und ſagteſt, es ſei im Kampfe ge-
1997 321 2072 2078 ſchehen! Welchen Pfiff, welchen Kniff, welches Schlupf-
2067 322 2141 2082 loch kannſt du jetzt ausfindig machen, um dich vor dieſer
2137 326 2212 1906 offenbaren und augenfälligen Schmach zu verbergen?
2207 397 2281 2082 Poins. Wohlan, laß hören, Hans! Welchen Pfiff
2274 350 2350 907 haſt du vorräthig?
2342 393 2421 2077 Falſt. Beim Himmel, ich kannte euch ſo gut wie
2415 323 2488 2078 der, der euch machte. So hört denn, ihr Herrſchaften.
2485 320 2558 2077 Was brächte es mir, den muthmaaßlichen Kronerben zu
2554 323 2628 2082 tödten? Sollte ich auf den wirklichen Prinzen losſchlagen?
2624 321 2699 2079 Nun, du weißt, ich bin ſo tapfer wie Herkules; aber be-
2695 322 2767 2078 denke den Inſtinkt. Der Löwe wird den echten Prinzen
2763 320 2840 2077 nicht anfallen! Inſtinkt iſt ein großer Gegenſtand; ich
2835 318 2905 2079 war eine Memme aus Inſtinkt. Ich werde drob mei-
2902 320 2977 2076 ner und auch deiner lebenslänglich beſſer gedenken, an mich,
2975 318 3049 2077 als an den tapfern Löwen; an dich , als an den echten
3041 319 3118 2076 Prinzen. Aber beim Himmel, Burſche, mich freut es,
3113 320 3188 2081 daß ihr das Geld habt. - - Wirthin, ſchlagt die
3180 317 3258 2085 Thüren zu, wacht über Nacht, betet morgen. - Ihr
3252 318 3327 2080 Tapfern, ihr Burſche, ihr Jungen, goldherzige Jungen;
3322 318 3397 2084 alle Titel guter Kameradſchaft kommen euch zu! Sagt
3389 318 3466 2084 an, wollen wir luſtig ſein? Soll uns ein Spielchen ex
3464 349 3534 871 tempore werden?
3531 389 3605 2081 Pr. Heinr. Es ſei - und den Inhalt deſſelben ſoll
3602 343 3673 1136 dein Davonlaufen abgeben.
3668 386 3746 2076 Falſt. Ei, nichts mehr davon, Heinechen, ſo du mich
3742 354 3815 619 lieb haſt.
3806 834 3862 1574 (Die Wirthin tritt auf.)
3878 404 3953 1487 Wirth. Mylord, mein Prinz -
3943 386 4023 2080 Pr. Heinr. Was giebt's, Frau Wirthin? Was
4020 345 4094 1049 habt ihr mir zu ſagen?
4080 390 4161 2079 Wirth. Ei nu, Mylord, draußen iſt ein Herr vom
4153 315 4233 2082 Hofe, möcht' mit euch ſprechen; er ſagl, er kommt von
4231 350 4290 750 euerm Vater.
4288 386 4372 2083 Pr. Heinr. Gieb ihm ſo viel, daß ein königlicher
4362 319 4442 2086 Mann aus ihm wird, und ſchick ihn zu meiner Mutter
4438 354 4514 552 zurück.
4499 394 4582 1803 Falſt. Was für eine Art von Mann iſt er?
4573 408 4647 1266 Wirth. Ein alter Mann.
4636 389 4722 2089 Falſt. Was thut die Gravität um Mitternacht außer
4709 334 4783 1757 dem Bette? - Soll ich ihm Antwort geben?
4781 396 4861 1839 Pr. Heinr. Ich bitte dich, Hans, thu' es.
4845 390 4934 2009 Falſt. Mein Seel, ich will ihm heimleuchten. (ab.)
4919 390 5001 2076 Pr. Heinr. Nun, ihr Herren, bei unſerer lieben Frau-
4988 321 5066 2085 en! Ihr fochtet tapfer; ſo thatet ihr, Peto; ſo thatet
5056 322 5140 2083 ihr, Bardolph. Jhr ſeid auch Löwen, denn ihr lauft
5126 320 5207 2080 aus Inſtinkt davon, und wollt nicht Hand an den echten
5202 345 5280 1046 Prinzen legen - pfui!
5264 397 5346 1863 Bard. Ei, ich lief, als ich Andere laufen ſah.
5336 332 5419 2079 Pr. Heinr. Sagt mir im Ernſt, wovon ward Fal-
5409 343 5488 1179 ſtaffs Schwerd ſo zerhackt?
5473 390 5559 2076 Peto. Ei, er zerhackte es mit ſeinem Dolche und
5544 320 5626 2079 ſagte, er wolle die Wahrheit zum Lande England hinaus
5612 320 5704 2079 ſchwören, wenn er euch nicht glauben machen würde, es
