3744 6234
402 78 480 366 Akt III.
396 1041 502 2484 König Heinrieh der Achte.
549 53 626 1328 Merkt's, ohne Königs Wiſſen oder Willen
621 51 695 1327 Rangt ihr Legat zu ſein, daß alle Biſchöf'
689 50 764 1277 Im ganzen Land' euch untergeben wären.
757 103 838 1602 Norf. Dann ließet über jede Schrift nach Rom
826 46 906 1365 Und ſonſt'ge Länder, „Ego et Rex mens,“
898 48 976 1255 Ihr ſtellen, als wodurch den König ihr
969 59 1041 839 Zu eurem Diener machtet.
1037 130 1105 319 Suff.
1039 854 1114 1590 Dann, als ohne Wiſſen
1107 40 1177 1486 Des Königs und des Staatsraths als Geſandter
1176 42 1251 1421 Ihr zu dem Kaiſer gingt, nahmt kühn genug
1244 40 1320 1439 Mit euch nach Flandern ihr das große Siegel.
1315 98 1392 1760 Surr. Dann ſchicktet unbeſchränkte Vollmacht ihr an
1386 46 1458 1255 Gregor von Caſſalis, um ſonder Willen
1455 40 1530 1437 Des Königs und des Staatsraths mit Ferrara
1522 53 1596 853 Ein Bündnis abzuſchließen.
1594 127 1663 320 Suff.
1593 877 1668 1348 Ferner ließt ihr
1662 43 1734 1201 Aus bloßer Ehrgier euren heil'gen Hut
1731 46 1807 1253 Mit auf des Königs Münzen prägen -
1804 126 1860 334 Surr.
1800 1252 1872 1504 Schicktet
1870 39 1944 1409 Unzählge Summen Geldes - wie gewonnen,
1941 43 2013 1279 Entſcheidet ſelbſt im eigenen Gewiſſen -
2005 37 2082 1452 Nach Rom, um dort zu größern Würden euch
2081 36 2152 1400 Den Weg zu bahnen, Alles bloß zum Unheil
2148 36 2224 1485 Für England. Viele Sünden mehr begingt ihr,
2216 36 2294 1501 Mit denen ich, weil eu'r ſie ſind und ſcheuslich,
2287 45 2360 1105 Mir nicht den Mund beſudeln will.
2358 121 2417 378 Kämm.
2358 1278 2428 1522 Mylord,
2425 33 2505 1621 Drückt den Geſtürzten nicht zu ſehr; 's iſt Tugend.
2498 33 2575 1654 Klar vorm Geſetz liegt ſeine Schuld. Es ſtraf ihn;
2568 35 2640 1508 Nicht aber ihr. Mein Herz weint, den ſo klein
2637 49 2710 1010 Zu ſehn, der einſt ſo groß war.
2704 1069 2781 1610 Ich vergeb' ihm.
2708 128 2764 343 Surr.
2775 93 2848 1763 Suff. Lord Kardinal, des Fernren will der König
2844 37 2917 1445 Weil Alles, was zeither durch eure Macht als
2913 43 2988 1158 Legat in dieſem Königreich ihr übtet,
2981 37 3057 1378 Jn den Bereich der Gutsverwirkung fällt -
3052 44 3128 1147 Daß gegen euch ein Manifeſt erfolgt,
3119 40 3195 1338 Das eurer Güter, Länderein und Schätze,
3192 40 3266 1231 Kurz aller eurer Hab' euch ledig macht,
3259 31 3337 1730 Und Königs Schutz entzieht. - Dies iſt mein Auftrag.
3331 97 3405 1622 Norf. Und ſomit laſſen wir euch, nachzudenken,
3401 37 3474 1446 Wie ihr euch beſſern wollt. Denn euren Trotz,
3471 43 3544 1239 Betreffs der Ueberlieferung des Siegels,
3535 37 3613 1586 Erfährt der König, und wird's Dank euch wiſſen.
3611 45 3684 1396 So lebt denn wohl, ihr frommer Kardinal!
3676 814 3733 1651 (Alle, außer Wolſev, ab.)
3747 98 3823 1775 Wolſ. (allein) So lebt denn wohl, ihr, die ihr mir
3817 469 3893 853 ſo hold ſeid;
3885 44 3959 1260 Und langes Lebewohl all meiner Größe!
3956 33 4031 1675 Das iſt des Menſchen Schickſal. Heute treibts ihm
4025 38 4100 1489 Der Hoffnung zarte Blätter, morgen Blüthen,
4094 41 4170 1388 Und reicht ihm reichlich aller Ehren Frucht;
4163 37 4241 1495 Am dritten Tag kommt Froſt, tödtlicher Froſt;
4233 40 4308 1436 Und - wenn er voll Behaglichkeit ſein Glück
4303 39 4379 1425 In Reife wähnt, zerknickt ihm ſeine Wurzel,
4368 40 4452 1563 So daß er fällt, gleich mir. Gewagt hab' ich's,
4442 40 4517 1493 Wie loſe Bübchen, die auf Blaſen ſchwimmen,
4512 39 4585 1496 Mich in die Sommerſee des Ruhms zu ſtürzen;
4582 41 4656 1493 Doch viel zu tief. Mein hochgeſchwellter Stolz
4651 46 4728 1312 Brach unter mir, und überläßt mich jetzt
4721 45 4796 1293 Dienſtalt und abgemüdet dem Erbarmen
4785 34 4865 1675 Des wilden Stroms, der mich für immer einſchluckt.
4856 36 4936 1628 Weltruhm und nichtger Erdenpomp; ich haſſ' euch!
4930 38 5006 1537 Neu geht das Herz mir auf jetzt. O, wie elend
4999 39 5075 1453 Iſt er, der abhangt von der Fürſten Gnade!
5068 37 5146 1502 Wie weiſ't ſich zwiſchen jenem Lächeln, das wir
5140 40 5214 1499 Erſehnen, jenem Huldblick und dem Zorngrimm
5206 34 5285 1604 Der Fürſten doch mehr Angſt und Weh, als Krieg
5278 41 5354 1395 Und Weiber haben! Und wer dadurch fällt,
5345 50 5425 976 Fällt hoffnungslos wie Luzifer.
5489 1039 5561 1552 Nun, Cromwell?
5529 119 5633 1263 Cromw. Jch kann nicht reden, Sir.
5624 146 5694 364 Wolſ.
5622 1236 5702 1760 Wie? So beſtürzt
5689 39 5779 1683 Ob meinem Unglück? Kann dein Muth ſich wundern
