3762 6193
417 67 505 310 Akt V.
407 1131 489 2312 Troilus und Kreſſida
558 91 631 1705 Troil. Soll ich dir, Herr, ſo ſehr verbunden ſein,
628 39 705 1413 Daß du, wenn wir von Agamemnon ſcheiden,
700 61 775 504 Mich hinführſt?
763 518 839 1377 Zu befehlen haſt du, Prinz.
775 132 842 333 Ulyſſ.
834 38 912 1547 Gleich freundlich mir, ſag' mir, in welchem Rufe
905 45 978 1241 Stand Kreſſida zu Troja? Lebt ihr kein
974 42 1046 1333 Geliebter dort, der um ihr Fernſein klagt?
1044 91 1118 1757 Troil. Spott werde denen, Herr, die ihre Wunden
1113 38 1192 1492 So prunkend zeigen! Willſt du jetzt vorangehn?
1183 38 1258 1538 Sie liebt' , und liebt; ſie ward und wird geliebt:
1251 40 1337 1416 Dem Schickſalezahn ſtets Liebe Nahrung giebt.
1333 1291 1388 1627 (Beide ab.)
1547 413 1643 1346 Fünfter Aufzug.
1685 558 1758 1202 Erſter Auftritt.
1783 120 1861 1647 Das griechiſche Lager. Vor dem Zelt Achill's.
1883 261 1939 1515 (Alchilles und Patroklos treten auf.)
1964 89 2041 1758 Achill. Heut Nacht ſoll griech'ſcher Wein ſein Blut
2037 461 2110 705 erhitzen;
2104 37 2181 1691 Ich kühls ihm morgen dann mit meinem Schwerd. -
2175 47 2252 1304 Patrotlos, laß uns köſtlich ihn bewirthen.
2261 105 2334 1052 Patr. Hier kommt Therſites.
2363 523 2422 1249 (Tderſites tritt auf.)
2433 117 2506 347 Achill.
2431 996 2509 1742 Nun, du Neidgeſchwür?
2499 47 2579 1353 Du kruſtiges Naturgemächt - was Neues?
2573 82 2645 1758 Therſ. Da, du Abbild von dem was du ſcheinſt,
2641 37 2716 1762 Du Idol einfältiger Verehrer: da iſt ein Schreiben an
2714 77 2780 172 Dich.
2778 98 2854 1288 Achill. Von wannen, du Fragment?
2845 92 2924 1514 Therſ. Von Troja, du voue Narrenſchüſſel.
2918 98 2993 1251 Patr. Wer hält Wache vorm Zelt?
2989 93 3062 1336 Therſ. Leinwand und Stricke thun es.
3054 85 3132 1762 Patr. Wohl geſprochen, Scheuſal Wozu dieſe Al-
3129 75 3198 367 bernheiten?
3192 88 3270 1766 Therſ. Ich bitte dich, ſchweig, Kerl! Ich kann aus
3263 41 3339 1768 einem Gewäſche nichts lernen. Man hält dich für eine
3335 62 3409 919 männliche Bedienung Achill's.
3402 81 3479 1769 Patr. Männliche Bedienung, du Schuft? Was heißt das?
3474 83 3546 1767 Therſ. Nun, ſeine männliche Hure. Möchten doch
3541 42 3616 1768 alle faulen Seuchen des Südens, darmkneipende Brüche,
3614 43 3688 1769 Katarrhe, Rückenmarkezehrungen, Schlafſucht, kalte Schlag-
3684 43 3756 1769 lüſſe, Triefaugen, verſchleimte Lebern, keuchende Lungen,
3753 43 3825 1770 itervolle Blattern, der Wurm in der Flachhand, unheil-
3819 49 3895 1771 barer Knochenfraß und das juckende Freilehn der Krätze
3892 45 3964 1765 lche ſodomitiſche Aufdeckereien holen und abermahls holen!
3961 78 4035 1766 Patr. Ei, du verdammenswerthe Neidbüchſe, du
4032 62 4105 1100 Was ſoll dies Verfluchen bedeuten?
4101 98 4176 1060 Therſ. Verfluch' ich dich?
4163 79 4244 1769 Patr. Das nicht, du zertrümmerte Bütte, du er-
4236 58 4314 1406 urter, ununterſcheidbarer Hund Das nicht.
4306 78 4382 1768 Tberſ. Nicht? Warum ergrimmſt du denn, du
4376 47 4458 1772 nichtsnutige, ſtoffloſe Flockſeide! Du grüner Sarſinetlap-
4446 49 4522 1767 pen für ein krankes Auge! Du Quaſt an eines Ver-
4516 48 4587 1767 bwenders Geldbeutel, du? Ach! Wie wird die arme
4584 48 4662 1768 Zelt durch ſolche Waſſerfliegen, durch ſolche Naturwin-
4657 78 4734 661 gkeiten heimgeſucht.
4727 103 4801 856 Patr. Hinaus, Galle!
4798 101 4871 789 Therſ. Finken Ei!
4860 76 4943 1768 Achill. Patrokles, Freund, gehemmt iſt ſchier mein
4939 470 5007 672 Vorſatz
4998 62 5079 1356 u großen Thaten morgen in der Schlacht.
5071 60 5148 1428 in Schreiben hier von Hekuba, der Kön'gin,
5140 61 5215 1355 nd ein Geſchenk von ihrer holden Tochter:
5212 64 5283 1268 die tadeln Beide mich und mahnen mich
5279 64 5353 1378 n meinen Eid. Nicht brechen will ich ihn,
5349 60 5427 1483 allt, Griechen! Schwinde, Ruhm! Du Ehre,
5417 60 5494 1453 eh oder bleib! Hier liegt mein Hauptgelübd;
5485 53 5568 1771 hm folg' ich. (Zu Tverſites.) Du, richt ein mein Zelt
5557 468 5629 832 mit Pracht;
5621 68 5705 1386 ie ganze Nacht ſei im Bankett durchwacht.
5698 987 5753 1657 (Ab mit Patroklos.)
5699 86 5774 711 ehn wir, Patroklos.
