3757 6127
292 72 443 398 Akt II.
312 1310 420 2314 Winter- Mährchen.
452 26 593 1829 Erst. Hofh. Ich wollt', er fehlt in dieſem Punkt
557 576 629 867 mehr euch
590 29 704 1825 As mir, mein Fürſt, und mehr noch würd's mich freuen,
692 38 771 1434 Wär ihre Unſchuld klar wie euer Argwohn.
762 47 840 1129 Treff' euch verdienter Tadel drob!
832 1136 908 1556 Was brauchen
835 63 901 416 Leont.
896 36 979 1466 Mit euch wir drob zu ſchwatzen? Folgen wir
971 37 1047 1452 Dem eignen mächt'gen Antrieb! Unſer Recht
1040 37 1117 1472 Verlangt nicht euren Rath, nur unſre Milde
1108 37 1185 1461 Vertraut euch Alles. Seid ihr ſo verdummt,
1179 34 1256 1582 So liſtig wohl, daß ihr gleich uns die Wahrheit
1247 33 1327 1625 Nicht einſehn köonnt, nicht wollt: ſo forſchet nach.
1317 35 1396 1469 Wir wollen ferner euren Rath nicht. Sache,
1388 33 1465 1556 Verluſt, Gewinn, Anordnung drob, geht Alles
1457 58 1533 500 Nur uns an.
1527 35 1604 1458 Antig. Hättet ihr, mein König, nur
1595 36 1673 1397 Eu'r Urtheil ſchweigend erſt geprüft, bevor
1665 63 1748 798 Ihr's laut verkündetet.
1733 806 1811 1507 Wie wär' das möglich?
1742 72 1807 415 Leont.
1802 49 1882 1356 Einfältig macht das Alter dich, wo nicht
1873 37 1951 1415 Biſt du'n geborner Narr. Camillo's Flucht
1945 39 2018 1331 Und die Vertraulichkeit der Beiden, (die
2012 32 2090 1603 So plump war, wie ſich's Argwohn denken kann,
2081 31 2158 1603 Dem nichts fehlt als Beweis, als nur das Sehn,
2150 38 2226 1310 Weil jeder andre Umſtand von der That
2221 33 2299 1513 Ein Zeugnis ablegt,) ſprechen für mein Thun.
2290 35 2371 1479 Doch hab' ich, zu vollkommnerer Beſtät'gung,
2361 36 2437 1494 (Denn wild zu ſein in ſolch gewicht'gem Falle,
2428 37 2507 1442 Wär' unbarmherzig,) als gewicht'ge Männer
2502 43 2577 1202 Kleomenes und Dion, die ihr kennt,
2570 37 2645 1434 Zum heil'gen Delphos, zu Apollon's Tempel
2639 52 2714 1391 Schnell abgeſandt, daß Kunde vom Orakel
2703 40 2787 1428 Durch ſie mir wird, und jener Gotterſpruch
2775 34 2856 1707 Hemm' oder ſporne mich. That ich nicht wohl dran?
2847 40 2925 1419 Erſt. Hofh. Sehr wohl, mein König!
2914 29 2994 1814 Leont. Obgleich ich überzeugt bin, nichts bedarf mehr,
2983 40 3062 1381 Als was ich weiß, ſoll dennoch das Orakel
3055 38 3133 1404 Die Stimmung Anderer beſchwicht'gen, die
3122 36 3202 1567 Durch glaubenloſen Starrſinn nicht zur Wahrheit
3196 44 3273 1258 Gelangen. Alſo hielten wir's für gut,
3264 42 3341 1305 Aus unſrer freien Näh' ſie zu entfernen,
3333 41 3411 1423 Damit ſie den Verrath der beiden Flücht'gen
3404 35 3480 1591 Ins Werk nicht richte. Kommt, und folget uns.
3474 41 3550 1376 Wir reden laut davon, weil dies uns Alle
3542 60 3619 623 Aufregen muß -
3610 635 3685 1570 Zum Lachen, ſollt' ich meinen,
3613 63 3688 414 Antig.
3677 30 3776 1770 Wenn reine Wahrheit kund hier wäre. (Alle ab.)
3800 600 3874 1292 Zweiter Auftritt.
3897 322 3979 1575 Sicilien. Vorhalle eines Gefängniſſes.
3999 261 4059 1622 (Paulina und Begleiterinnen treten auf.)
4133 1033 4194 1766 (Eine Begleiterin ad.)
4163 30 4265 1745 Gebt kund ihn, wer ich bin. - Hochherz'ge Kön'gin,
4256 41 4334 1271 Kein Hof Europa's iſt zu gut für dich,
4325 30 4430 1816 Was thuſt du denn im Kerker? - (Zum Kerkermei-
4394 537 4467 1731 ſter, der auftrit.) Nun, mein Freund,
4431 50 4547 982 Ihr kennt mich? Oder nicht?
4537 64 4607 378 Kerk.
4600 52 4680 858 Die ich gar hoch verehre.
4674 64 4749 389 Paul.
4531 999 4606 1592 Als würd'ge Dame,
4666 860 4746 1451 Wohl, ſo bitt' ich:
4736 51 4824 831 Führt mich zur Königin.
4811 28 4889 1736 Kerk. Jch darf nicht, edle Frau; zum Gegentheil
4878 46 4958 976 Ward mir gemeſſener Befehl.
4949 985 5025 1425 So gilt's hier,
4953 60 5028 387 Paul.
5015 40 5098 1202 Vor zartem Zuſpruch Unbeſcholtenheit
5089 32 5167 1510 Und Ehre zu verſchließen? - - Iſt's erlaubt,
5157 31 5237 1557 Mit ihren Frau'n zu ſprechen? Nur mit Einer?
5230 60 5306 374 Emilien
5292 37 5374 1321 Kerk. Gefall's euch, gnäd'ge Frau,
5366 35 5442 1257 Die Dienerinnen zu entfernen, und ich
5437 48 5513 760 Ruf euch Emilia her.
5501 790 5578 1469 Ich bitt' euch, thut's.
5508 54 5583 386 Paul.
5572 30 5658 1253 (zu den Begleiterinnen.) Enthebt euch!
5640 914 5699 1735 (Die Begleiterinnen ab.)
