3756 6169
368 327 443 483 768
513 301 590 1565 Wie ſie in Rom wild und unbändig ſind,
585 305 650 1413 Und keine Liebesmitbewerber dulden?
357 1520 446 2536 Titus Anronicus.
651 298 731 1697 Ich ſag' euch, Prinzen, dieſer Anſchlag führt
728 319 796 936 Nur euren Tod her.
793 995 864 1650 Aaron, tauſend Tode
799 396 867 594 Chir.
861 302 939 1722 Stürb' ich, erräng ich ſie nur, die ich liebe.
932 386 1008 1120 Aar. Erränge? Wie?
999 1029 1073 2039 Was machſt du das ſo ſeltſam?
1010 397 1069 587 Dem.
1071 294 1149 1910 Sie iſt ein Weib, drum kann man um ſie werben;
1142 300 1218 1792 Sie iſt ein Weib, drum kann man ſie erringen;
1209 302 1286 1582 Sie iſt Lavinia, drum muß ich ſie lieben.
1278 295 1358 1864 Menſch, mehr des Waſſers, als der Müller weiß,
1349 293 1426 1970 Schlüpft an der Mühle hin; und leicht, wir wiſſen's,
1419 297 1497 1828 Stiehlt man von angeſchnittnem Brot ein Stück.
1489 299 1566 1820 Sei auch Baſſian des Kaiſers Bruder, trug doch
1560 304 1638 1855 Manch Beſſrer ſchon das Brandmaal des Vulkan.
1626 364 1703 2049 Aar. (beiſeit.) Ja, und ſo gut, als Saturnin es trägt.
1701 367 1772 1930 Dem. Wie ſollte der verzagen, der mit Worten,
1770 303 1842 1700 Mit Gluthblick und Geſchenk zu buhlen weiß?
1840 303 1918 1672 Haſt du nicht oft ein Reh erlegt und keck es
1909 305 1981 1598 Vor des Waldhüthers Naſe weggeſchleppt?
1976 368 2053 1859 Aar. Aha! Ein Kniffchen, oder ſo dergleichen,
2051 318 2126 1125 Scheint euch hier rathſam.
2117 1166 2191 1816 Rathſam, allerdings.
2124 399 2196 595 Chir.
2187 385 2262 1243 Dem. Aaron, du trafſts.
2226 1105 2334 2029 Ich wollt', ihr hättets ſchon,
2266 402 2322 562 Aar.
2325 308 2397 1509 So wären des Gelärms wir überhoben.
2392 296 2474 1955 Doch hört! Hört mich! Seid ihr denn ſolche Thoren,
2465 303 2545 1639 Darob zu hadern? Nehmt ihr Anſtoß dran,
2536 318 2612 1009 Wenn's Beiden glückt?
2613 401 2685 593 Chir.
2602 1067 2680 1691 Ich nicht, fürwahr!
2685 400 2742 585 Dem.
2718 308 2826 1321 So ich von Beiden Einer bin.
2824 400 2880 563 Aar.
2671 1567 2748 2020 Ich auch nicht,
2811 1303 2888 1802 So ſchämt euch,
2884 297 2965 1779 Seid Freund' und werdet Eins zu eurem Zweck.
2952 300 3028 1615 Liſt und Gewandtheit müſſen das bewirken,
3022 295 3102 1835 Was ihr erſtrebt; und drum müßt ihr beſchließen,
3092 295 3172 1860 Das, was ihr nicht nach Wunſch vollführen könnt,
3165 297 3240 1763 Gewaltſam, wie's denn gehn will, zu bewirken.
3233 298 3309 1665 Wißt aber: keuſcher war Lukrezia nicht, als
3303 303 3382 1433 Lavinia, die Geliebte des Baſſian iſt.
3371 302 3451 1615 Ein ſchnellrer Lauf als zögernd Sehnen iſt
3442 295 3523 1754 Hier zu betreiben, und ich fand die Bahn aus.
3511 300 3591 1662 Ein feſtlich Jagen, Prinzen, ſteht im Werk,
3581 301 3658 1605 Zu dem die röm'ſchen Schönen ſich geſellen.
3650 296 3734 1667 Der Forſt dehnt weit ſich und geräumig aus,
3721 297 3798 1644 Und in ihm giebt's viel unbeſuchte Stellen,
3791 297 3867 1690 Zu Raub und Nothzucht von Natur geeignet.
3864 302 3940 1495 Dahin verlockt denn dieſe zarte Hindin,
3926 289 4014 2042 Und zwingt's, wenn nicht durch Wort, ihr durch Gewalt ab;
3999 293 4078 1817 So nur, nicht anders, blüht euch Hoffnung hier.
4069 286 4149 2042 Kommt, kommt zur Kaiſrin, ihrem gift'gen Scharfſinn,
4140 297 4215 1614 Der Bosheit und der Rachgier Heiligthum,
4208 291 4284 1770 Werd' Alles kund, was wir im Schilde führen;
4276 291 4357 1901 Sie ſoll die Werkzeug' uns durch Rathſchlag glätten,
4348 293 4423 1721 Der nimmer dulden wird, daß ihr euch zankt,
4420 296 4498 1672 Der euch vielmehr zu Wunſches Gipfel leitet.
4492 296 4564 1628 Des Kaiſers Hof iſt gleich der Fama Haus,
4560 293 4636 1723 Voll ſein Palaſt von Zungen, Augen, Ohren;
4625 287 4711 2043 Der Forſt iſt grauſam, furchtbar, taub und ſchweigſam:
4698 289 4779 1956 Dort, muntre Burſche, ſprecht und trefft und bübelt,
4767 288 4846 1911 Dort fröhnt der Luſt, vorm Himmelsaug' beſchattet,
4837 303 4917 1442 Und ſchwelget in Laviniens Schatz -
4907 357 4989 2039 Chir. Dein Rath, Geſell, läßt nichts von Feigheit wittern.
4977 362 5052 1992 Dem. Sit ſas aut nefas, bis den Strom ich finde,
5048 290 5124 1960 Der dieſe Gluth kühlt, Zauber, der die Brunſt ſtillt,
5119 308 5197 1240 Per Styga, per manes vehor.
5234 727 5308 1604 Zweit er Auftritt.
5133 1703 5191 1959 (Alle ab.)
5321 290 5409 2043 Ein Forſt unweit Roms. In der Ferne ſieht man ein
5394 409 5476 1924 Jägerhaus. Hörnerſchall und Hundegebell werden
5463 1058 5539 1259 gehört.
5544 339 5612 2045 (Titus Andronicus, mit Jägern u. ſ. w., Marcus,
5595 397 5658 1808 Lucius, Quintus und Martius treten auf.)
5663 361 5742 2038 Tit. Die Jagd iſt los, hell iſt und grau der Morgen,
