3756 6133
317 19 397 268 Akt V.
305 1098 414 2241 Verlorne Liebesmühe.
474 23 535 1688 (Der König. Biron, Longueville und Dumain
525 65 584 1687 in ruſſiſcher Kleidung, treten maskirt auf. Motte, Muſi-
578 90 635 568 ker, Gefolge.)
641 34 719 1685 Motte (begrüßend). „Heil ſei den ſchönſten Schönen
713 428 785 853 dieſer Erde!“
779 40 856 1681 Boyet. Nicht ſchöner als ihr ſchöner Maskentaffent.
854 36 927 1684 Motte. (fortfahrend). „Der heil'gen Gruppe wunder-
924 431 998 872 holder Frauen,
988 -7 1065 1459 „Die Männern je - den Rücken - zugekehrt!“
1057 -12 1136 1682 Bir. (heimlich zu ihm). „Die Blicke,“ Schlingel ſprich:
1132 428 1203 907 „die Blicke -“
1197 39 1276 1686 Motte. (fortatrend). „Die Männern je die Blicke zu-
1269 433 1343 666 gekehrt!
1342 26 1410 247 „Aus -
1405 45 1482 1395 Boyet. Richtig! Aus ſeis, in der That!
1477 39 1551 1682 Motte. (fortfahrend). „Aus Gunſtverwill'ung, Himm-
1545 429 1622 878 liſche, gewährt
1616 16 1691 734 „Nicht, anzuſchaun -“
1684 51 1761 1288 Bir. „Doch, anzuſchaun,“ du Tölpel!
1755 43 1831 1684 Motte. (fortfahrend). ,Doch, anzuſchaun mit ſonnen-
1825 419 1899 1084 gleichen Augen - -“
1895 11 1970 1046 „Mit ſonnengleichen Augen - -“
1960 46 2040 1588 Boyet. Sie wollen auf dies Epithet nicht hören;
2035 4 2109 1325 Sprecht alſo nur: „„mit evagleichen Augen.“
2313 5 2387 1340 Verſtehn ſie unſre Sprach', iſt's unſer Wille,
2384 7 2460 1251 Daß Einer ſchlicht uns ihre Meinung ſage.
2455 25 2526 650 Fragt, was ſie wollen.
2520 624 2598 1670 Was begehrt ihr von der Fürſtin?
2524 82 2592 283 Boyet.
2591 51 2668 1547 Bir. Nur Friedliches und freundlichen Empfang.
2663 59 2735 1249 Roſ. Was ſagen ſie? Was wollen ſie?
3007 11 3085 1277 Mit ihr Maſurka auf dem Gras zu tanzen.
3079 56 3155 1447 Bonet. Sie ſagen, viele Meilen maaßen ſie,
3147 11 3224 1294 Mit euch Maſurka auf dem Gras zu tanzen.
3219 54 3294 1681 Roſ. Das iſt nicht wahr. Fragt ſie, wie viele Zoll
3285 8 3368 1327 Die Meile hält; wenn ſie denn viele maaßen,
3354 11 3433 1239 Iſt's Maaß von einer Meile leicht gezählt.
3426 51 3504 1678 Boyet. Wenn herzukommen, ihr viel Meilen maaßet,
3493 13 3575 1291 So heißt euch die Prinzeſſin, mir zu ſagen,
3565 18 3642 1050 Wie viele Zoll auf eine Meile gehn.
3635 53 3714 1681 Bir. Sagt ihr, wir maaßen ſie mühſel'gen Schrittes.
3705 71 3784 964 Boyet. Sie hört euch ſelbſt.
3775 88 3847 214 Roſ.
3774 768 3852 1667 Wie viel mühſel'ge Schritte
3842 16 3923 1199 Rühſel'ger Meilen, die zurück ihr legtet,
3911 24 3993 1032 Zählt die zurückgelegte Meile denn?
3981 55 4063 1681 Bir. Wir zählen nicht, was wir für euch verthun;
4049 21 4132 1183 So reich iſt, ſo unendlich unſre Pflicht,
4120 21 4201 1099 Daß wir ſie ohne nachzurechnen üben.
4190 19 4267 1230 Gewährt uns eures Anblicks Sonnenſchein,
4259 20 4339 1217 Daß wir wie Wilde knieend ihn verehren.
4330 57 4408 1682 Roſ. Umwölkter Mondſchein wär's, wenn ich mich wieſe.
4401 57 4481 1604 Kön. Heil Wolken, die ſo wolkig ſind, wie dieſe!
4464 14 4552 1595 Schein uns, o Mond, laß deine Stern' auch ſcheinen
4535 22 4621 1279 So wolkenleer auf unſer Aug' voll Weinen!
4672 16 4769 1366 Ihr fleht ja nur um Mondenſchein im Waſſer.
4749 58 4830 1676 Kön. Nun, ſo gewährt ein kurzes Tänzchen endlich!
4811 16 4901 1353 Ich ſollte flehn  dies Flehen iſt verſtändlich.
4888 56 4969 1677 Roſ. Auf denn, Muſik! Doch hurtig! Nichts geſchont!
4963 594 5018 1031 (Muſik erklingt)
5000 8 5090 1679 Nicht doch! Kein Tanz!  So wechſl' ich wie der Mond.
5076 50 5160 1683 Kön. Wie? Doch kein Tanz? Tragt ihr den Spott
5155 435 5215 779 im Gürtel?
5213 53 5301 1679 Roſ. Der Mond war voll; jetzt ſteht er flugs im Viertel.
5284 51 5366 1682 Kön. Doch blieb er Mond, und ich der Mann im Mond.
5348 16 5440 1137 Muſik erklingt! Verleihet uns Gehör
5422 69 5511 969 Roſ. Mein Ohr thut's ſchon.
5493 85 5554 230 Kön.
5497 852 5574 1661 Thät's euer Fuß vielmehr!
5562 49 5646 1683 Roſ. Fremd ſeid ihr und durch Zufall hier, da kann's
5624 3 5717 1678 Geſchehn -  hier meine Hand - - Nein, nein, kein Tanz!
5623 1664 5709 2950 Der Biron war ganz außer Takt gebracht.
5723 1631 5780 1732 lX.
