3728 6120
347 12 421 284 Akt II.
336 1137 445 2292 Prinz von Dänemark.
492 -23 567 1726 wie zur Zeit, als ich die Stadt verließ? Haben ſie noch
565 6 634 528 denſelben Zulauf?
630 52 705 1509 Roſ. Nein, in der That, den haben ſie nicht.
703 47 776 1472 Haml. Wie kommt das? Werden ſie roſtig?
770 42 843 1727 Roſ. O nein, ihr Bemühen hält noch den gewohn-
840 -22 917 1724 ten Schritt; aber ſeht nur, Prinz, da iſt ein Neſt von
910 -26 983 1724 Kindern, von kleinen Aufſchößlingen, welche ſchreien, als
979 -24 1051 1726 ob ſie am Spieße ſteckten, und die werden raſend be-
1049 -25 1124 1723 klatſcht. Dieſe ſind jetzt Mode, und rumoren auf den
1120 -23 1191 1725 Volkstheatern - ſo nennen ſie ſie - dergeſtalt herum,
1187 -23 1262 1727 daß Viele, obſchon ſie Degen tragen, ſich vor Gänſekie-
1259 -13 1330 1314 len fürchten, und ſich kaum dorthin wagen.
1326 38 1400 1726 Haml. Was? Kinder ſind es? Wer erhält ſie? Wie
1397 -25 1466 1726 werden ſie beſoldet? Wollen ſie ihrem Gewerbe nicht län-
1467 -24 1539 1724 ger nachgehen, als ſie ſingen konnen? Wollen ſie, im
1534 -25 1611 1722 Fall ſie zu Volksſchauſpielern heranwachſen, (welches doch
1605 -24 1679 1726 wahrſcheinlich iſt, ſobald ihre Mittel ſich nicht verbeſſern,)
1676 -24 1749 1724 nicht ſpäterhin ſagen, die Schauſpieldichter thun ihnen
1747 -23 1820 1725 Unrecht, ſie gegen ihr eigenes Fortkommen ſchreien zu
1817 13 1889 202 laſſen?
1883 38 1956 1725 Roſ. Traun, es hat vielen Lärm auf beiden Seiten
1951 -25 2026 1726 geſetzt, und das Volk hält's für keine Sünde, ſie zum
2021 -24 2095 1728 Streit gegen einander zu zerren. Für ein Stück war
2090 -23 2165 1726 längere Zeit hindurch kein Geld zu bekommen, wenn Poet
2161 -21 2236 1617 und Schauſpieler einander nicht in den Haaren lagen.
2230 61 2304 833 Haml. Iſt es möglich?
2300 40 2375 1655 Gyld. O, es hat gewaltige Wortgefechte gegeben.
2372 42 2443 1483 Haml. Tragen die Kinder den Sieg davon?
2441 42 2517 1727 Roſ. Wirklich, Herr; und den Herkules ſammt ſei-
2511 2 2580 570 ner Laſt obendrein.
2577 38 2654 1725 Haml. Das iſt nichts Außerordentliches; denn mein
2648 -17 2721 1728 Oheim iſt König von Dänemark, und Diejenigen, die
2717 -23 2791 1724 ihm ſchiefe Mäuler machten, als mein Vater noch lebte,
2789 -23 2861 1728 geben jetzt zwanzig, vierzig, funfzig, ja, hundert Gold-
2858 -21 2928 1729 ſtücke für ſein Bildnis im Kleinen. Zum Wetter, es
2927 -22 3002 1729 ſteckt hierin etwas mehr als Natürliches, wenn Philoſo-
2997 -5 3070 975 phie es nur herausfinden könnte.
3093 487 3150 1201 (Trompeten von außen.)
3163 55 3237 1105 Gyld. Da ſind die Schauſpieler.
3235 44 3307 1724 Haml. Ihr Herren, ſeid willkommen in Helſingoer.
3304 -20 3376 1724 Eure Hände! Kommt! Der Zubehör des Willkommens
3373 -21 3447 1724 iſt Mode und Förmlichkeit. Laßt mich euch auf dieſe Weiſe
3443 -21 3517 1719 begrüßen, damit mein Benehmen gegen die Schauſpieler,
3511 -23 3587 1723 welches, ſog' ich euch, doch ein ſtattliches Aeußeres zei-
3581 -23 3657 1723 gen muß, euch nicht beſſerer Empfang bedünke, als der,
3653 -22 3725 1724 welchen ich euch bot. Ihr ſeid willkommen; aber mein
3723 -22 3798 1728 Ohm Vater und meine Muhme Mutter haben ſich ge-
3791 15 3861 216 täuſcht.
3860 56 3932 1083 Gyld. Inwiefern, mein Prinz?
3930 38 4008 1727 Haml. Ich bin nur toll bei Nord-Nord-Weſt; ſo-
3998 -23 4074 1726 bald der Wind ſüdlich iſt, unterſcheide ich einen Eſel von
4067 5 4142 635 einem Lautenſchläger.
4174 499 4230 1195 (Polonius tritt auf.)
4242 59 4316 1013 Pol. Heil euch, ihr Herren!
4308 -15 4388 1726 Haml. Hört, Gyldenſtiern - und auch ihr - an
4382 -22 4460 1757 jedem Ohr ein Hörer: das große Kindlein, das ihr dort
4453 -16 4525 1535 ſeht, iſt noch nicht aus ſeinen Windeln gekommen.
331 3253 446 3446 665
5706 1613 5775 1832 aXXIX
