2602 3638
316 1176 392 1339 101
507 304 596 2258 ohne weiter zu gehen. Ihr ſagt, die beiben Diener wären Mem-
596 302 677 2259 men, - ihr und euer Kamerad könnt ſie gewältigen, und der Teu-
671 299 770 2281 fel ſoll mich holen, wenn ich's nicht mit eurer ſchottiſchen wilden
767 338 838 852 Katze aufnehme.“
839 309 928 2260 „Ihr werdet finden, daß das tollkühn ſein heißt,“ ſagte Hay-
935 305 1012 2261 raddin; „denn abgeſehn davon, daß wir ſelber nicht beſondre Fech-
1021 306 1095 2262 ter ſind, ſo hat ſich dieſer Burſch mit dem beſten Ritter in Frank-
1101 299 1189 2436 reich gemeſſen, und iſt mit Ehren davon gekommen - ich habe die
1191 271 1292 1939 geſehen, die ihn dem Dunois hart genug zuſetzen ſahen.“
1294 347 1369 2262 „Hagel und Sturmwetter! 's iſt nur eure Feigheit, die aus
1376 323 1475 1583 euch ſpricht,“ ſagte der deutſche Soldat.
1476 445 1555 2260 „Ich bin ſo wenig feig als ihr ſelber,“ ſagte Hayraddin; „aber
1565 306 1647 2270 ſechten iſt nicht meine Sache. Wenn ihr es laßt, wie es verabredet
1640 302 1729 2393 ward, ſo iſt's gut - wo nicht, ſo führe ich ſie ſicher zu des Biſchofs
1737 305 1809 2265 Palaſt, und Wilhelm von der Mark kann ſich ihrer dort leicht be-
1815 304 1919 2266 mächtigen, vorausgeſetzt, daß er nur halb ſo ſtark iſt, als er vor
1908 331 1981 1068 einer Woche behauptete.“
1991 446 2084 2262 „Potztauſend!“ ſagte der Soldat, „wir ſind ſo ſtark und noch
2093 302 2168 2307 ſtärker; aber wir hören eben von den hundert Lanzen von Bur-
2175 269 2254 2269 gund  das iſts, ſiehſt du; fünf Mann auf die Lanze machen Fünf-
2257 310 2340 2272 hundert, und dann hol mich der Teufel, wenn ſie nicht eher uns ſu-
2347 310 2424 2268 chen werden, als wir ſie; denn der Biſchoff hat eine gute Macht
2435 324 2514 1355 auf den Beinen, das bleibt wahr!“
2516 359 2614 2265 „Es bleibt alſo bei dem Hinterhalt am Kreuze der drei Könige,
2614 209 2706 2154 ober ihr müßt das Unternehmen aufgeben,“   ſagte der Zigeuner.
2713 445 2804 2268 „Aufgeben, aufgeben das Unternehmen mit der reichen Braut
2807 273 2884 2272 für unſern edlen Hauptmann - Teufel! Erſt wollt ich's mit der
2892 307 2970 2269 Hölle aufnehmen. - Mein Seel, wir alle werden Fürſten und Her-
2975 308 3056 2289 zöge ſein, die ſie hier Ducs nennen, und wir werden Schnaps im
3061 303 3144 2270 Weinkeller haben und franzöſiſche Kronen die ſchwere Menge, und
