2604 3670
399 1209 459 1333 115
592 290 673 2250 den Sagen und Liedern ſeiner Heimat ergötzt, von denen er die letz-
675 295 757 2250 tern in ſeiner Mutterſprache ſang, während ſeine Bemühung, die
764 293 842 2250 letztere in ſeinem fremdartigen und unvollkommenen Franzöſiſch wie-
849 292 926 2254 derzugeben, hundert kleine Mißverſtändniſſe und Irrthümer der
935 295 1012 2252 Sprache veranlaßten, ſo unterhaltend wie die Erzählungen ſelbſt.
1011 295 1094 2251 Aber an dieſen ſorgenreichen Morgen ritt er zur Seite der Damen
1105 295 1182 2254 von Croye ohne die gewöhnlichen Verſuche, ſie zu unterhalten, zu
1190 296 1266 2252 machen, und es mußte ihnen natürlich ſein Schweigen als etwas
1268 318 1349 1261 außerordentliches auffallen.
1361 432 1437 2250 „Unſer junger Begleiter hat einen Wolf geſehn,“ ſagte Dame
1446 294 1522 2255 Hameline, auf einen alten Aberglauben anſpielend, „und er hat
1531 321 1604 1230 die Sprache darüber verloren.“
1616 432 1691 2252 „Zu ſagen, ich hätte einen Fuchs aufgeſpürt, wäre paſſen-
1702 300 1776 2070 der,“ dachte Quentin, ohne dies laut zur Antwort zu geben.
1782 432 1870 2252 „Befindet ihr euch wohl, Herr Quentin?“ ſagte Gräfin Iſa-
1863 291 1952 2254 belle in ſo theilnehmendem Tone, daß ſie ſelbſt darüber erröthete,
1955 297 2031 2256 während ſie fühlte, daß ſie etwas weiter gegangen, als der Abſtand
2042 329 2118 1053 zwiſchen ihnen geſtattete.
2124 434 2202 2255 „Er hat zu lange bei den luſtigen Mönchen geſeſſen,“ ſagte
2207 300 2284 2260 Dame Hameline; „die Schotten gleichen den Deutſchen, die all
2296 302 2378 2260 ihre Luſt beim Rheinwein dran geben, und dann nur wankende
2372 300 2472 2261 Schritte zum Abendtanz und ſchmerzende Häupter am Morgen ins
2467 325 2542 1140 Frauengemach mitbringen.“
2552 434 2628 2391 „Nein, ſchöne Damen,“ ſagte Quentin; „ich verdiene euren
2638 301 2714 2261 Tadel nicht. Die guten Mönche waren faſt die ganze Nacht bei ih-
2723 303 2797 2264 rer Andacht beſchäftigt; und was mich betrifft, mein Trank war
2806 307 2894 2017 blos ein Becher ihres dünnſten und gemeinſten Weines.“
2886 437 2979 2259 „Die Schlechtigkit ſeines Mahles iſts, was ihm die gute
2978 306 3052 2265 Laune geraubt hat,“ ſagte die Gräfin Iſabelle. „Munter, Herr
3059 304 3137 2267 Quentin; und ſollten wir je mein altes Schloß von Bracguemont
3144 306 3224 2262 mit einander beſuchen, ſo will ich ſelber euer Mundſchenk ſein und
3230 1664 3300 1756 8*
