2598 3662
303 1300 369 1429 174
474 381 578 2347 ſuchte erſt mittelſt der Marthon mit Ludwig in Verbindung zu tre-
585 384 661 2347 ten; aber wie es ſcheint konnte ſie nicht zu ihm gelangen, ſondern
671 383 754 2344 nur zum Aſtrologen, dem ſie alle Vorgänge auf der Reiſe und zu
749 381 830 2351 Schönwald mittheilte; ſchwerlich aber werden ihre Nachrichten je
840 383 918 2348 zu Ludwig gelangen, außer in der Form einer Prophezeiung. Aber
924 381 1002 2346 hört mein Geheimniß, welches wichtiger iſt, als irgend ein Umſtand,
1012 382 1095 2346 den Marthon mitzutheilen hatte. Wilhelm von der Mark hat eine
1090 381 1173 2344 zahlreiche und ſturke Heeresmacht in der Stadt Lüttich verſammelt,
1182 383 1264 2343 und vermehrt ſie täglich mit Hilfe der Schätze des alten Prieſters.
1266 382 1340 2344 Aber er gedenkt keineswegs eine Schlacht mit der burgundiſchen
1351 382 1427 2347 Ritterſchaft zu wagen, und noch weniger eine Belagerung in der
1436 382 1510 2341 ſchlechtbefeſtigten Stadt auszuhalten. Er denkt folgendermaßen
1521 382 1596 2345 zu verfahren: - er will den hitzköpſigen Karl die Stadt ohne Wi-
1606 380 1681 2466 derſtand berennen laſſen, in der Nacht aber mit ſeiner ganzen Macht
1692 384 1767 2362 einen Ausfall gegen die Belagerer thun. Viele will er als franzöſi-
1777 383 1850 2345 ſche Krteger verkleiden, die ſich des Feldgeſchrei's „Frankreich!
1861 385 1934 2361 Saint Louis! und Denis Montjoie!“ bedienen ſollen, als ob eine
1944 383 2022 2347 ſtarke Abtheilung franzöſiſcher Hilfstruppen in der Stadt läge.
2032 383 2106 2348 Dies muß nothwendig Verwirrung unter den Burgundern hervor-
2115 383 2191 2350 bringen; und wofern König Ludwig mit ſeinen Leibwachen, ſeinem
2203 387 2276 2348 Gefolge und den Kriegern, die er etwa mit ſich führt, die Anſtren-
2288 386 2363 2352 gungen des Ebers der Ardennen unterſtützt, ſo zweifelt dieſer nicht
2373 385 2448 2351 an einer gänzlichen Niederlage des burgundiſchen Heeres. - Dies
2457 385 2533 2356 iſt mein Geheimniß und ich vermache es euch. Fördert oder hindert
2535 384 2618 2351 das Unternehmen - verkauft die Kunde an König Ludwig oder an
2626 390 2703 2355 Herzog Karl, mir iſt das einerlei - rettet oder verderbt wen ihr
2710 387 2786 2355 wollt; ich für mein Theil bedauere nur, daß ich die Sache nicht
2797 387 2873 2355 gleich einer Mine in die Luft ſprengen kann, um Alle miteinander
2882 422 2959 868 zu verderben!“
2967 524 3042 2349 „Es iſt in der That ein wichtiges Geheimniß, ſagte Quentin,
3052 387 3130 2355 der alsbald begriff, wie leicht die Nationaloiferſucht in einem Lager
