2588 3704
424 1249 486 1379 134
618 468 696 2282 „Nun, wenn ich das Geheimniß beſäße,“ ſagte der Bettler,
705 328 781 2282 „ſo würde ich auf der Hälfte beſtehen; denn ſehen Sie, obwohl ich
789 328 870 2279 ein zerlumpter armer Kerl bin und Silber oder Gold nicht verkau-
874 325 950 2279 fen dürfte, aus Furcht, aufgehangen zu werden, ſo könnt ich doch
961 327 1036 2280 Leute finden, die es mir mit beſſerm Profite abnähmen, als Sie es
1046 361 1120 890 im Sinne haben.“
1146 466 1223 2276 „Ach, Himmel! - mein guter Freund, was hab' ich denn ge-
1229 322 1312 2281 ſagt - ich wollte ſagen, Sie ſollten dreiviertel, ſtatt die Hälfte
1316 314 1393 1891 haben, und für mich wollt' ich nur das eine Viertel.“
1415 464 1495 2272 „Nein, nein, Mr. Doufterswivel, wir wollen gleich theilen,
1504 322 1578 2277 was wir finden, gleich, wie Brüder. Nun beſehn Sie den Deckel
1588 323 1664 2276 da, den ich aus dem Wege warf in den finſtern Winkel, während
1673 319 1747 2395 Monkbarns dort das Silber unterſuchte. Ich war froh, daß er
1758 319 1834 2375 dies nicht zu ſehen bekam. Er hat ein ſcharfes Auge. Sie werden
1839 319 1919 2275 die Schrift beſſer leſen können als ich - ich bin kein Bücherleſer,
1928 343 2018 1349 wenigſtens hab ich keine Uebung.“
2028 462 2106 2268 Mit dieſer beſcheidenen Erklärung ſeiner Unkunde, brachte
2115 317 2192 2272 Ochiltree hinter einem Pfeiler den Deckel des Silberkaſtens hervor,
2201 317 2277 2271 der, nachdem er abgelöſt worden, während der gierigen Unter-
2285 316 2361 2269 ſuchung deſſen, was er barg, nachläſſig bei Seite geworfen wor-
2370 316 2447 2271 den war, und den der Bettler ſodann, wie es ſchien, verſteckt hatte.
2456 316 2532 2274 Es ſtand ein Wort und eine Ziffer auf dem Brete, und der Bettler
2538 315 2618 2270 machte dies deutlicher, indem er auf ſein zerlumptes blaues Taſchen-
2624 313 2701 2270 tuch ſpuckte und damit den Staub, der die Inſchrift verdunkelte,
2709 319 2787 2142 abwiſchte. Sie war mit gewöhnlichen Buchſtaben geſchrieben.
2813 456 2889 2172 „Können Sie's herausbringen,  ſagte Edie zum Adepten.
2914 452 2990 2269 „S,“   ſagte der Philoſoph, indem er wie ein Kind in der
2997 302 3076 2265 Schule buchſtabirte; „S, T, A, R, C, H, - Starch - das
3082 312 3161 2267 iſt, was die Waſchweiber zu Halstüchern und Hemdkragen
3167 351 3240 667 brauchen.“
