2526 3670
1141 635 1244 1719 D r i t t e s  K a p i t e l.
1346 856 1442 1500 -
1522 855 1617 2101 Wie heißt die Schuld, die nie geſtandne That,
1611 857 1681 1996 Die niemand kennt, die keine Buße ſühnt
1683 853 1752 2040 - - - - Feſt bleibt ein jeder Muskel
1752 857 1821 1965 An ſeiner Stelle, feſt, doch nicht erſtarrt;
1816 852 1885 2107 Kein ſchnell Erröthen und kein Lippenbeben. -
1901 1016 1996 2122 Die geheimnißvolle Mutter.
2053 218 2129 2158 Der Sarg hatte die Stelle verlaſſen, wo er erſt ſtand. Die
2137 189 2214 2324 eidtragenden waren der Reihe nach, wie es ihr Rang oder der
2222 201 2299 2156 Grad der Verwandtſchaft mit dem Verſtorbenen mit ſich brachte,
2308 194 2390 2156 aus der Hütte gegangen, während die jüngern männlichen Ge-
2393 196 2472 2160 ſchwiſter der Bahre ihres Bruders nachgeführt wurden, um mit
2481 203 2557 2158 Verwunderung eine Ceremonie zu betrachten, die ſie kaum begrei-
2565 195 2641 2156 fen konnten. Dann erhoben ſich zunächſt die weiblichen Verwand-
2650 201 2727 2160 ten und nahmen, in Betracht der Lage der Aeltern, die Mädchen
2737 197 2812 2162 der Familie mit, um dem unglücklichen Paare Zeit und Gelegenheit
2821 205 2898 2158 zu geben, ihre Herzen gegenſeitig aufzuſchließen und durch Mit-
2906 195 2984 2161 theilung ihren Gram zu mildern. Aber ihre freundliche Abſicht war
2993 197 3069 2156 ohne Nutzen. Kaum hatte die letzte Perſon die Hütte verlaſſen und
3073 197 3172 2158 die Thür leiſe hinter ſich zugemacht, als der Vater, nachdem er
