2560 3676
340 1225 401 1347 189
525 302 613 2335 laufen, und es heißt, ſie ſei von einer franzöſiſchen Flotte geiagt
623 345 680 620 worden.“
720 446 801 2246 „Die Search!““ ſagte Oldbuck, einen Augenblick nachſinnend
810 343 883 699 -„Oho!“
911 453 986 1950 „Ja, ja! Capitain Taffrils Brigg, die Search.“
1006 444 1096 2246 „Wie! iſt die verwandt mit: Search No.2.?“ ſagte Old-
1090 303 1176 2252 buck, indem er den Lichtſtrahl aufſing, den der Name des Fahr
1181 314 1273 1886 zeuges auf die räthſelhafte Schatzkiſte zu werfen ſchien.
1285 446 1362 2252 Der Bettler hielt ſich, wie ein Menſch, den man auf einer
1372 307 1447 2253 Schelmerei ertappt, die Mütze vors Geſicht, konnte aber doch
1456 305 1533 2253 nicht umhin, herzlich zu lachen. „Jn Ihnen ſitzt der Teufel,
1542 307 1628 2254 Monkbarns, Sie kommen hinter Alles. Wer hätte gedacht, daß
1622 309 1704 2254 Sie das ſo zuſammenreimen würden! der Henker! ich habe mich
1715 344 1789 944 ſchön fangen laſſen.“
1785 449 1877 2255 „Ich ſehe alles ſo deutlich,“  ſagte Oldbuck, „wie die Um-
1884 311 1960 2259 ſchrift auf einer gut erhaltenen Münze. Der Kaſten, worin das
1971 309 2054 2332 Metall gefunden ward, gehörte zur Brigg und der Schatz kam von
2049 312 2132 2258 meinem Phönir?“ (Edie nickte bejahend.) „Und er ward dort ver-
2139 318 2219 2070 graben, um Sir Arthur in ſeiner Verlegenheit zu tröſten?“
2244 451 2322 2255 „Durch mich,“   ſagte Edie, ,,und zwei von den Seeleuten;
2330 321 2406 2263 dieſe wußten aber nicht, was darin war und glaubten nur, es ſei
2415 314 2492 2262 ein Bißchen Schmuggelwaare für den Capitain. Ich wachte Tag
2502 313 2578 2263 und Nacht, bis ich es in den rechten Händen ſah, und als dann der
2588 313 2664 2260 deutſche Teufel den Deckel der Kiſte ſo anſah, da gab es mir glaub'
2674 316 2750 2264 ich ein ſchottiſcher Teufel ein, ihm den Poſſen zu ſpielen. Nun ſehn
2759 315 2835 2265 Sie doch, ich durfte dem Richter Kleinhans nicht mehr und nicht
2844 315 2921 2268 weniger ſagen, wenn ich nicht die ganze Geſchichte verrathen wollte,
2931 315 3007 2259 und dann waren doch Unannehmlichkeiten für Lovel entſtanden.
3016 317 3091 2262 Drum dacht' ich, ich will lieber alles andere, als das kommen
3104 358 3177 583 laſſen.“
