2146 3102
229 629 287 1215 - 125 -
362 216 441 1779 horſam zurückgeführt, der junge Heinrich unter allen
452 156 529 1780 ſeinen Brüdern der Tauglichſte war, die hohe Stel-
538 214 617 1779 lung eines Vaſallen der franzöſiſchen Krone zu be-
629 212 702 1779 haupten. Er hatte keinesweges daſſelbe Vertrauen
714 212 792 1780 zu den Fähigkeiten ſeiner übrigen Söhne, und war
803 211 880 1779 ſonach ſchier untröſtlich über den erlittenen Verluſt.
890 350 968 1776 Neue Kriege und Miſverſtändniſſe zwiſchen
977 211 1057 1780 Frankreich und England ergaben ſich auf Seiten
1067 210 1140 1777 Heinrichs aus einem Vorwande von keinesweges auf-
1153 209 1231 1778 richtiger Beſchaffenheit. Adelheid, die Schweſter
1243 208 1325 1778 Philipps, des Königs von Frankreich, hatte eine
1331 208 1406 1777 Zeitlang am engländiſchen Hofe unter dem Vertrage
1416 208 1492 1774 reſidirt, mit Richard, der jetzt der älteſte der leben-
1501 208 1579 1778 den Söhne Heinrichs des Zweiten war, vermählt zu
1594 205 1670 1859 werden. Allein aus etlichen nicht leicht genau zu
1681 207 1757 1772 beſtimmenden Gründen verſchob der König von Eng-
1769 209 1845 1777 land zu mehreren Malen die Vermählung, ſo daß
1859 130 1936 1776 er in Verdacht gerieth, er hege ſelbſt eine weder
1946 204 2019 1771 ſeinem Alter noch ſeinem Verſtande angemeſſene Lei-
2032 205 2110 1772 denſchaft zu der jungen Prinzeſſen. König Philipp
2122 204 2199 1771 verlangte nun mit dem Schwerte in der Hand die
2209 209 2290 1769 Verehelichung ſeiner Schweſter. Andere Gründe
2296 207 2376 1771 zum Mißvergnügen, die ſich fortwährend zwiſchen
2387 206 2461 1770 einem ſo mächtigen Lehensherrn und einem ſo ſtolzen
2475 207 2550 1785 Vaſallen erhoben, erhitzten den Groll auf beiden
2563 201 2638 1769 Seiten; auch bewahrten Heinrichs Talente, die durch
2651 208 2727 1766 hohes Alter einigermaaßen in Abnahme ſeyn mog-
