2015 3046
62 926 127 1037 263
163 251 244 1834 So ſprach ber ſinſtere Alte, indem er die Blicke von
235 162 316 1838 bem blutigen Leichnam abwendete, der ein Bild der Schön-
309 162 391 1834 heit und Stärke zu ſeinen Füßen lag. Als er nun noch
379 161 459 1839 einmal hingeblickt hatte, wendete er ſich und ſtellte ſich ſo,
451 157 527 1840 daß er nach beſtem Ermeſſen das Fräulein von Berkely
522 157 601 1842 beſchützen möchte, ohne wieder den Leichnam ſeines Sohnes
598 188 676 558 zu betrachten.
665 254 745 1840 In dieſer Zwiſchenzeit danerte der Kampf ohne irgend
737 155 812 1846 ein Aufhören von einer oder anderer Seite und ohne ent-
808 149 887 1986 ſchiedenen Vortheil fort. Endlich ſchien jedoch das Geſchick
880 147 958 1988 ſich in's Mittel zu legen: Der Ritter von Fleming, der
951 148 1029 1850 keck vorgedrungen und durch Zufall dem Fräulein Marga-
1023 147 1101 1850 rethe von Hautlieu ganz nahe gekommen war, verfehlte
1094 149 1173 1846 ſeinen Hieb, indem fein Fuß in dem Blute des jungen
1164 145 1242 1848 Opfers Dickſon dergeſtalt ausglitt, daß er vor ſeinem Geg-
1236 143 1313 1847 ner hinfiel und in furchtbarer Gefahr ſchwebte, ſich demſel-
1309 143 1384 1850 ben auf Gnade und Ungnade ergeben zu müſſen, als Mar-
1379 140 1459 1847 garethe de Hautlieu, die den Geiſt eines Kriegers erbte,
1451 138 1529 1847 und überdies ein ſtarkes und furchtloſes Frauenzimmer
1521 137 1602 1850 war, eine nicht allzuſchwere Keule am Boden liegen ſah,
1593 137 1671 1847 wohin der geſunkene Dickſon ſie hatte fallen laſſen, und
1664 134 1742 1850 mit dieſer den Schwertſtreich Aimar's von Valenee auf-
1737 132 1814 1848 fing, ſo daß derſelbe diesmal den Sieg verfehlen mußte.
1807 133 1890 1850 Fleming ſäumte nicht, einen ſo unerwarteten Vorfall zu
1879 129 1958 1858 benutzen, ſtatt ſich die Art und Weiſe zu erläutern, auf
1951 129 2026 1854 welche ihm derſelbe ſich ſo ſonderbar bot. Raſch nahm' er
2022 126 2100 1853 den ihm gewordenen Vortheil wahr, und ſtellte ſeinem
2093 124 2171 1853 Gegner dergeſtalt ein Bein, daß dieſer auf das Steinpflaſter
2163 124 2245 1855 ſturzte, während die Stimme ſeines Beſiegers, wenn Fle-
2236 121 2314 1853 ming anders ſo genannt werden darf, durch die Kirche in
2308 117 2389 1857 den verhängnißvollen Worten erſcholl: „Ergieb Dich Ai-
2380 115 2458 1851 mar von Valence - Gnad' oder Ungnad' - ergieb Dich!
2451 117 2528 1852 ergieb Dich!“ rief er, und hielt ſein Schwert an die Gur-
2523 117 2602 1854 gel des Gefallenen, indem er hinzu ſetzte - „nicht mir,
2595 116 2670 1794 ſondern dieſer edlen Dame hier - Gnad' oder Ungnad!“
2667 239 2746 1850 Mit ſchwerem Herzen bemerkte der engländiſche Ritter,
2737 109 2819 1850 daß er eine ſo günſtige Gelegenheit, Ruhm zu erringen,
2811 1376 2871 1490 18*
