2132 3084
215 781 314 1168 - 9 -
381 174 457 1745 mit Bitten um Mitleiden, oder mit Geſchrei des
467 174 549 1745 Entſetzens oder der Angſt empſing.“ Er wendete
559 169 637 1824 das Angeſicht gegen die Wand, und erwartete mit
648 170 726 1747 der höchſten Geiſtesanſtrengung den Tod, dem er
735 191 816 872 ſich ganz nahe wähnte.
791 318 905 1741 Seine erſten Empſindungen waren zu überwäl-
913 170 992 1746 tigend geweſen. Die Gefahr war zu dringend und
1001 127 1078 1877 von zu ſcheuslicher Art, als daß er hätte ſogleich zu
1092 150 1169 1841 einer ruhigen Betrachtung ſeiner mißlichen Lage ge-
1177 169 1256 1746 langen können; ſo daß alle deutlicheren Erwägungen
1264 168 1343 1745 von dem einen umfaſſenden Gedanken an augen-
1355 164 1432 1746 blicklichen Tod verſchlungen wurden. Allein als ſeine
1444 167 1521 1746 Begriffe ſich ſonderten, fuhr ihm der Gedanke an
1534 166 1611 1746 ſeine Gattin durch die Seele. Was mogte ſie Ietzt
1622 165 1698 1820 leiden! und was mogte, während er einer ſo außer-
1708 167 1787 1744 ordentlichen Prüfung unterworfen ward, ihrem ſchwä-
1800 103 1875 1748 cheren und weiblichen Muthe vorbehalten worden
1889 165 1967 1748 ſeyn? Befand ſie ſich noch wenige Schritte weit
1975 166 2054 1746 von ihm, wie es der Fall war, als ſie ſich Abends
2064 168 2144 1744 vorher ſchlafen legten? Oder hatten die Barbaren,
2154 166 2232 1744 die ihm ein ſo grauſames Loos bereiteten, ſich und
2245 166 2321 1745 ſeiner Gattin unvorſichtiges Vertrauen zu Nutzen ge-
2333 166 2410 1745 macht, um ihr eine ähnliche oder gar noch abſcheu-
2421 168 2498 1745 lichere Schmach aufzuerlegen? Schlief ſie oder wachte
2510 167 2587 1745 ſie, oder konnte ſie in der Nähe eines ſo ſchreck-
2598 166 2677 1743 lichen Gebrülles ſchlafen, das alles ringsum erſchüt-
2688 163 2763 1743 terte? Er beſchloß, ſie zu rufen, ſie wo möglich zu
2773 163 2881 1762 warnen, auf ihrer Huth zu ſeyn und ſich in Acht zu
