2876 4718
549 487 619 1919 108 COUNT ROBERT OF PARIS.
731 524 828 2341 burdened by the mandate of some inexorable ma-
854 530 950 2340 gician, and of which the operation was so terri-
977 532 1074 2338 fying, that the crews of the vessels attacked by
1098 532 1196 2342 this strange weapon frequently forsook every
1222 535 1308 2337 means of defence, and run themselves ashore.
1341 541 1436 2345 One of the principal ingredients of this dreadful
1460 532 1554 2344 fire was supposed to be naphtha, or the bitumen
1578 516 1667 2340 which is collected on the banks of the Dead Sea,
1698 511 1795 2343 and which, when in a state of ignition, could only
1819 533 1917 2344 be extinguished by a very singular mixture, and
1933 528 2030 2530 which it was not likely to come in contact with.
2056 522 2151 2338 It produced a thick smoke and loud explosion,
2175 536 2274 2344 and was capable, says Gibbon, of communicating
2296 538 2389 2344 its flames with equal vehemence in descent or
2417 537 2513 2346 lateral progress. In sieges, it was poured from
2538 510 2640 2344 the ramparts, or launched, like our bombs, in
2655 523 2745 2339 redhot balls of stone or iron, or it was darted in
2780 509 2888 2348 flax twisted round arrows and in javelins. It
2902 540 2998 2350 was considered as a state secret of the greatest
3023 532 3133 2350 importance; and for wellnigh four centuries it
3144 538 3243 2349 was unknown to the Mahometans. But at length
3261 507 3362 2346 the composition was discovered by the Saracens,
3383 502 3482 2344 and used by them for repelling the Crusaders,
3502 500 3615 2344 and overpowering the Greeks, upon whose side
