2594 3460
173 1252 242 1387 290
322 303 420 1916 König. Ruf ſie ſchnell, wir wollen ihn hören.
410 322 488 1293 Arm. Heda! kommt heran.
494 310 580 2331 Holofernes, Nathanael, Motte, Schädel und Andere treten auf.
588 382 665 2332 Der auf dieſer Seite iſt Hiems, der Winter; der dort er, der
657 313 741 2292 Frühling; ihnen folgt die Eule und der Kuckuck. Ver, beginne.
844 1117 925 1497 L i e d.
984 1135 1042 1352 1.
1098 1056 1195 1591 F r ü h l i n g.
1212 668 1302 1943 „Wenn Primeln bunt und Veilchen blau,
1293 678 1365 1566 Und Tulpen herrlich prahlen,
1344 675 1436 1792 Wenn Kuckucksblumen rings die Au'
1431 682 1502 1555 Mit bunter Pracht bemalen:
1501 680 1574 1783 Da ſtimmt ſein Lied der Kuckuck an
1572 653 1644 1819 Im Baum und foppt den Ehemann:
1641 1110 1715 1350 Kuckuck,
1709 678 1785 1740 Kuckuck, Kuckuck: es packt ſich fort
1778 679 1854 1797 Der Mann, hört er das böſe Wort!
1913 1210 1978 1359 2.
2018 683 2095 1654 Der Hirte bläſt auf Haferſtroh,
2090 676 2165 1759 Des Pflügers Glocken Lerchen ſind,
2158 676 2232 1859 Die Tauben hüpfen leicht und froh,
2223 612 2302 1911 Ihr Sommerhemd bleicht's ſchöne Kind:
2296 680 2371 1786 Da ſtimmt ſein Lied der Kuckuck an
2366 677 2439 1815 Im Baum und foppt den Ehemann:
2434 1121 2504 1359 Kuckuck,
2502 683 2580 1753 Kuckuck, Kuckuck: es packt ſich fort
2573 627 2650 1792 Der Mann, hört er das böſe Wort!
2832 1132 2894 1628 W i n t e r.
2934 682 3011 1853 Wenn weg den Schnee die Grete fegt,
3001 685 3076 1806 Und Hans der Hirt die Hände bläſt,
3071 686 3147 1857 und Toms in's Haus die Klötze trägt,
