2870 5110
574 1252 654 1365 83
826 239 910 2369 the numberless boats hich followed that from
969 237 1083 2365 which the black banner of the Chief was display-
1117 237 1227 2367 ed, rose in wild unison up to the Tom-an-Lo-
1263 239 1374 2371 nach, from which the Glover viewed the spec-
1405 237 1517 2365 tacle. The galley which headed the procession,
1552 234 1664 2372 bore on its poop a species of scaffold, upon which,
1696 236 1808 2369 arrayed in white linen, and with the face bare,
1843 239 1953 2371 was displayed the corpse of the deceased Chief-
1988 237 2089 2372 tain. His son, and the nearest relatives, fill-
2135 240 2243 2375 ed the vessel, while a great number of boats,
2282 240 2392 2371 of every description that could be assembled,
2426 240 2539 2374 either on Loch Tay itself, or brought by land
2573 240 2683 2375 carriage from Loch Earn and otherwise, fol-
2721 237 2831 2377 lowed in the rear, some of them of very frail
2867 243 2980 2375 materials. There were even curraghs, com-
3013 243 3127 2374 posed of ox-hides stretched over hoops of wil-
3157 237 3262 2379 low, in the manner of the ancient British; and
3307 243 3391 2375 some committed themselves to rafts formed for
3451 244 3552 2377 the occasion, from the readiest materials that
3597 246 3708 2377 occurred, and united in such a precarious man-
3745 243 3854 2375 ner as to render it probable, that, before the ac-
3887 246 4001 2377 complishment of the voyage, some of the clans-
4033 241 4143 2377 men of the deceased might be sent to attend their
4180 262 4294 1739 Chieftain in the world of spirits.
