2870 5110
512 1447 592 1626 320
763 452 880 2596 ward to support his foster-father in the terrible
908 453 1027 2599 struggle, ere some other of the Clan Chattan
1055 452 1170 2596 should come up. When he was within five
1201 454 1320 2594 yards, and sternly determined to take his share
1348 458 1461 2604 in the death-fight, his foster-father fell, cleft
1497 463 1605 2594 from the collar-bone wellnigh to the heart,
1641 464 1752 2601 and murmuring with his last breath, Bas air
1787 463 1896 2598 son Eachin ! - The unfortunate youth saw the
1931 467 2030 2607 fall of his last friend, and at the same moment
2076 467 2189 2607 beheld the deadly enemy who had hunted him
2226 472 2340 2608 through the whole field, standing within sword's
2373 473 2493 2608 point of him, and brandishing the huge wea-
2518 470 2638 2604 pon which had hewed its way to his life through
2665 476 2780 2608 so many obstacles. Perhaps this was enough
2810 479 2924 2614 to bring his constitutional timidity to its high-
2957 482 3073 2613 est point; or perhaps he recollected at the
3100 480 3193 2614 same moment that he was without defensive
3241 476 3376 2615 armour, and that a line of enemies, halting in-
3391 477 3504 2619 deed and crippled, but eager for revenge and
3536 483 3646 2618 blood, were closely approaching. It is enough
3680 482 3799 2615 to say, that his heart sickened, his eyes darken-
3826 484 3936 2615 ed, his ears tingled, his brain turned giddy-all
3972 479 4081 2614 other considerations were lost in the apprehen-
4114 486 4224 2613 sion of instant death; and drawing one ineffec-
