2066 3011
94 983 151 1188 92
298 628 377 1363 Sechstes Kapitel.
403 553 464 1685 Wir treffen uns wie zwei gewalt'ge Ströme,
456 550 519 1747 Wie Gegenſtürm' und zweigeſpaltne Flammen,
509 547 589 1730 Die gegenseit'ge Wuth zu prüfen. Selbst
563 548 625 1726 Der Elemente Streit, wär' er zu lenken,
617 555 679 1632 Nicht bändigt' er des Menſchen Zorn --
670 1508 726 1787 Frenaud.
748 275 838 1884 Der ältere von unſeren beiden Reiſenden ſchlief, wiewohl
830 165 907 1881 er ein ſtarker und mit Anſtrengungen vertrauter Mann war,
903 155 980 1885 feſter und länger als gewöhnlich an dem Morgen, der jetzt
973 162 1052 1880 zu dämmern begann, allein ſeinem Sohne Arthur lag etwas
1045 165 1124 1879 am Herzen, wodurch deſſen Schlummer frühzeitig unterbro-
1121 198 1193 488 chen ward.
1187 271 1264 1876 Das Zuſammentreffen mit dem kecken Schweizer, einem
1260 161 1335 1877 tüchtigen Abkömmlinge aus einem berühmten Kriegerſtamme,
1331 162 1406 1877 war eine Obliegenheit, die nach der Meinung der Zeit, in
1401 161 1475 1871 welcher Arthur lebte, weder verzögert noch vermieden werden
1471 160 1546 1877 durfte. Er entwich von der Seite ſeines Vaters, indem er
1542 163 1621 1875 ſo viel wie möglich es vermied, denſelben zu ſtören, obgleich
1613 162 1686 1872 auch in ſolchem Falle ſein Frühaufftehen weiter kein Beden-
1685 162 1762 1871 ken erregt haben würde, indem Philipſon es gewohnt war,
1755 163 1834 1873 daß ſein Sohn zeitig bei der Hand war, um Zurüſtungen
1826 161 1905 1872 zur Weiterreiſe zu treffen, um nachzuſehen, daß der Maul-
1898 163 1975 1873 thiertreiber ſeine Pflicht thäte, daß das Thier ſein Recht be-
1970 161 2046 1873 käme und was dergleichen Beſorgungen mehr waren, die ſonſt
2040 158 2130 1943 ſeinem Bater zur Laſt gefallen waren. Jedoch der alte Mann
2111 157 2190 1870 den die Anſtrengungen des geſtrigen Tages ermüdet hatten,
2184 157 2262 1871 ſchlief, wie wir erwähnt haben, feſter als er ſonſt zu thun
2254 157 2333 1871 pſlegte, und Arthur, der ſein gutes Schwert anlegte, ſchritt
2326 156 2405 1867 über den Raſen, der vor des Landammanns Wohnung ſich
2398 155 2474 1868 dehnte, durch den zauberiſchen Schimmer eines ſchönen Herbſt-
2469 168 2546 1391 morgens auf den Schweizergebirgen dahin.
2537 261 2628 2034 Die Sonne küßte eben die Spitze des riefigſten jener Ti-
2610 157 2688 1997 tanenberge, ſo daß die langen Schatten noch auf dem Ried-
2680 160 2758 1998 graſe lagerten, das unter des Jünglings Füßen mit ſtarker
2749 162 2854 1989 Andeutung von Froſt ſich krümmte. Allein Arthur blickte
