2597 3612
280 1254 345 1389 167
454 440 533 2299 „Und Ihr habt mich gefunden,“ ſagte Cedric, „bereit un-
541 336 618 2304 ſere edlen Pläne für Ehre und Freiheit wieder aufzunehmen.
628 332 706 2304 Ich ſage Dir, es tagt kein Morgen wieder ſo günſtig, als der
716 337 791 2303 uächſte ſür die Befreiung des edlen Stammes der Sachſen!“
801 445 880 2300 „Rede mir nicht von Iemandes Befreiung,“ ſagte Athel-
886 333 966 2303 ſtane; „ich bin eher geſonnen den ſchändlichen Abt zu züchti-
975 332 1056 2301 gen. Er ſoll hängen auf der oberſten Spitze dieſes Schloſſes
1061 338 1137 2305 von Coningsburgh in ſeiner Kutte und Stola; und ſind die
1147 338 1225 2302 Treppen zu enge für ſeinen fetten Leichnam, ſo laſſe ich ihn
1236 356 1308 1174 vou außen hinaufziehen.“
1321 438 1401 2298 „Aber, mein Sohn,“ ſagte Editha, „bedenke doch ſein hei-
1407 370 1488 739 liges Amt.“
1493 437 1577 2298 „Bedenkt doch mein dreitägiges Faſten,“ verſetzte Athelſtane;
1581 328 1659 2304 „ſie ſollen mir Alle bluten, Front-de-Boeuf wurde wegen weit
1666 331 1747 2299 weniger lebendig verbrannt, denn er hielt für ſeine Gefangenen
1753 335 1830 2301 einen guten Tiſch, nur zu viel Knoblauch war zuletzt in der
1839 329 1916 2298 Suppe. Aber dieſe undankbaren, heuchleriſchen Schurken, ſo
1926 241 2002 2303 oſt ſelbſt eingeladene Schmeichler an meinem Tiſche, die mir
2012 329 2091 2298 nicht einmal eine Suppe, wenn auch mit Knoblauch geben
2097 325 2174 2299 wollten. - Nein, dieſe müſſen hängen, bei Hengiſts Seele!“
2186 440 2264 2126 „Aber der Papſt, mein edler Freund,“ ſagte Cedric.
2273 434 2349 2296 „Aber der Teufel, mein edler Freund,“ verſetzte Athelſtane,
2358 328 2436 2295 „ſie müſſen ſterben, und nun nichts mehr von ihnen. Wären
2444 331 2521 2294 ſie auch die beſten Mönche auf Erden, die Welt würde doch
2534 344 2606 1103 auch ohne ſie beſtehen.“
2616 434 2694 2293 „Schämt Euch, edler Athelſtane,“ ſagte Cedrie, „vergeſſet
2704 327 2782 2292 ſolche Elende bei der ehrenvollen Laufdahn, die ſich Euch auf-
2789 320 2867 2292 ſchließt. Sage dieſem normänniſchen Fürſten, Richard von Anjou,
2876 326 2953 2292 daß, ſo löwenherzig er auch iſt, er den Thron Alfreds nicht ohne
2960 322 3041 2291 Widerſpruch behaupten wird, ſo lange noch ein Abkömmling
3046 329 3127 2290 des heiligen Bekenners lebe, der ihn ihm ſtreitig machen könne.“
