2804 4558
526 612 595 742 192
548 1214 637 1722 WOODSTOCK.
709 568 806 2339 ty. It was even for this reason that I pressed
828 566 924 2342 you to accept of your nephew's proposal to re-
946 567 1042 2343 turn to the old Lodge, where a hundred men
1066 566 1163 2345 might be concealed, though a thousand were
1185 568 1281 2345 making search to discover them. Never such a
1305 566 1404 2345 place for hide-and-seek, as I shall make good
1425 570 1521 2347 when I can find means to publish my Wonders
1544 600 1620 1178 of Woodstock."
1663 665 1761 2339 "But, my son - my dear son," said the knight,
1781 572 1884 2389 "shall I not then instantly see him! and where-
1894 572 1998 2350 fore did you not forewarn me of this joyful
2024 608 2092 890 event?"
2140 664 2224 2352 "Because I was uncertain of his motions,"
2252 570 2345 2493 said the doctor," and rather thought he was
2368 571 2457 2352 bound for the sea-side, and that it would be best
2472 564 2584 2728 to tell you of his fate when he was safe on board,
2606 575 2702 2358 and in full sail for France. We had appointed
2725 577 2823 2356 to let you know all when I came hither to-night
2846 580 2942 2357 to join you. But there is a red-coat in the house
2966 578 3042 2461 whom we care not to trust farther than we could
3084 582 3179 2356 not help. We dared not, therefore, venture in by
3203 588 3300 2358 the hall; and so, prowling round the building,
3323 590 3418 2354 Albert informed us, that an old prank of his,
3444 591 3541 2357 when a boy, consisted of entering by this win-
