2582 3638
245 1203 305 1333 124
394 278 503 2256 wie Bienenwachs - ſah ihn beim Abendeſſen - ſpürte ihm
499 282 581 2253 bis auf ſein Zimmer nach - und am nächſten Morgen iſt er
586 283 667 2024 fort, ſo daß der Stallknecht ſelber nicht weiß wohin.“
671 420 760 2247 „Das ſieht aus, als hättet Ihr mir einen Streich ge-
753 276 841 2253 ſpielt,“ verſetzte Varney, „und bei meiner Seele, wenn es
845 297 929 1470 ſich ſo ſindet, ſollt Ihr es bereuen.“
933 423 1014 2247 „Auch der beſte Hund kommt zuweilen von der Spur ab,
1021 279 1099 2251 mein Herr,“ antwortete Lambourne; „was ſollte es mir hel-
1108 279 1188 2253 fen, ihn ſo durchgehen zu laſſen? Ihr könnt den Wirth Gi-
1197 273 1272 2427 les Gosling fragen - fragt den Kellner und den Stallknecht
1276 277 1359 2254 - fragt Cäcilien und das ganze Hausgeſinde, wie ich Treſſi-
1370 279 1443 2249 lian beobachtete, als er hier war. - Bei meiner Seele! ich
1457 278 1531 2248 konnte ihn doch nicht wie eine Krankenwärterin hüten, als
1543 279 1625 2255 ich ihn auf ſein Zimmer hatte gehen ſehen, um ſich zur Ruhe
1627 294 1708 1686 zu legen. Das werdet Ihr doch zugeben.“
1699 426 1797 2261 Varney ſtellte wirklich im Hauſe Nachforſchungen an,
1804 279 1881 2256 welche die Wahrheit von Lambourne's Ausſage beſtätigten.
1890 280 1994 2259 Alle ſagten einſtimmig, Treſſilian ſei plözlich und unerwartet
1978 306 2054 1215 vor Tagesanbruch abgereist.
2064 420 2143 2382 „Doch will ich Niemand Unrecht thun,“ ſagte der Wirth;
2151 230 2232 2260 „er ließ den vollen Betrag ſeiner Rechnung auf dem Tiſche
2239 279 2318 2258 zurück, nebſt Trinkgeld für die Dienerſchaft, was um ſo we-
2324 283 2403 2260 niger nöthig war, da er, wie es ſcheint, ſeinen Wallach ohne
2412 305 2494 1348 des Stallknechts Hülfe ſattelte.“
2499 426 2576 2254 Nachdem ſich Varney ſo von der Richtigkeit der Ausſage
2583 283 2664 2255 Lambourne's überzeugt hatte, begann er mit ihm von ſeinen
2668 278 2759 2256 künftigen Ausſichten und Plänen zu reden, indem er zugleich
2753 282 2835 2259 zu verſtehen gab, daß er von Foſter gehört habe, er ſei nicht
2843 291 2920 2018 abgeneigt in den Dienſt eines Edelmannes zu treten.
2921 423 3012 1889 „Seid Ihr je am Hofe geweſen ?“ fragte er.
3014 436 3097 1876 „Nein,“ verſetzte Lambourne; „aber ſeit ich
3019 1892 3096 2215 zehn Iahr
