2589 3551
271 1295 344 1456 282
439 358 520 2372 an deine Freunde: ſchaff' dir einen guten Mann, und, verhalt'
509 360 600 2189 dich gegen ihn, wie er ſich gegen dich. So leb' wohl.
567 1837 682 2156 (Geht ab.)
1807 1025 1861 1693 -
1622 1885 1747 2242 geht ab.)
2009 891 2133 1846 Zweite Scene.
536 2161 597 2309 ,
2148 762 2274 1951 Der franzöſiſche Hof.
2276 390 2414 2401 Der König von Frankreich und Gefolge tritt auf.
2426 429 2531 2405 König. (mit Briefen.) Siena und Florenz ſind handgemein;
2506 366 2617 2029 Man focht mit gleichem Glück und führt noch fort
2577 386 2679 1094 Im tafern Krieg.
2850 369 2931 1827 Von unſerm Vetter hier aus Oeſtreich auch.
2919 372 2998 1796 Er meldet, daß Florenz uns werde angehn
2966 366 3070 2028 Um schnelle Hilfe; darum warnt der Freund uns
