2584 3522
222 1227 313 1384 122
390 292 471 1627 Voll widerwärt'ger Fehler, ſchnöder Flecken,
459 287 537 1814 Krummbeinig, lahm, geſchwärzt und mißgeſtaltet,
528 291 607 1621 Bedeckt mit Mälern, widerwärt'gen Zeichen,
599 294 678 1521 So ſorgt' ich nicht, ich würde ruhig ſein;
668 294 741 1465 Ich würde nicht dich lieben und auch du
735 291 809 1653 Wärſt deiner fürſtlichen Geburt nicht werth,
804 288 879 1739 Verdienteſt nicht die Kron'. Doch du biſt ſchön;
873 287 946 1754 Und, theurer Knab', Natur und Glück verbanden
941 294 1015 1520 Dich groß zu machen ſich, bei der Geburt.
1011 301 1084 1306 Von Gaben der Natur, der Lilien
1078 287 1155 1660 Kannſt du dich rühmen, halberblühter Roſen;
1147 292 1222 1559 Doch, weh' Fortuna iſt von dir gewendet,
1216 292 1293 1648 Beſtochen und verwandelt, buhlt ſie ſtündlich
1286 293 1358 1672 Mit deinem Ohm Iohann; mit goldner Hand
1354 293 1427 1555 Hat ſie den König Frankreichs angetrieben
1423 290 1496 1713 Der Herrſchaft hohes Recht in Grund zu treten,
1492 296 1564 1453 Und ſich zu ihrem Kuppler herzugeben.
1559 302 1634 1476 Fortunens Kuppler iſt er und Iohanns,
1618 287 1698 1898 Die mit ihm buhlt, dem frechen Kronenräuber. -
1694 287 1772 1904 Nun ſag' mir, Mann, iſt Frankreich nicht meineidig?
1764 294 1839 1520 Vergifte mir mit Worten ihn, ſonſt geh',
1833 291 1927 1556 Und laß dies Weh allein, das ich allein
1904 309 1978 941 Nun tragen muß.
1984 369 2063 1445 Sal. Verzeiht mir, hohe Fürſtin,
2054 293 2131 1690 Ohn' euch kann ich nicht zu den Kön'gen gehn.
2140 359 2217 2114 Conſt. Du kannſt, du ſollſt, ich will nicht mit dir gehn
2210 297 2285 1580 Ich will mein Leid erſt lehren ſtolz zu ſein;
2278 292 2352 1703 Denn Leid iſt ſtolz und macht den Eigner ſtark.
2349 294 2422 1561 Vor mich und meines großen Leides Staat
2416 297 2491 1457 Laß Kön'ge treten, denn ſo groß iſt es,
2486 305 2560 1347 Daß nur die feſte ungeheure Erde
2554 298 2627 1624 Es tragen kann; hier ſitz' ich und mein Leid,
2621 295 2697 1731 Hier iſt mein Thron, laß ſich die Kön'ge neigen.
2686 1412 2748 2208 (Sie wirft ſich auf den Boden.)
2754 325 2820 2240 König Iohann, König Philipp, Louis, Blanca, Eleonore, der
2813 618 2874 1954 Baſtard, Oeſterreich und Gefolge treten auf.
2867 363 2947 1882 K. P hil. Ja, ſchöne Tochter, dieſer Freudentag
2933 297 3014 1685 Sei ſtets in Frankreich als ein Feſt gefeiert:
