2506 3464
269 1184 332 1265 15
462 381 541 2199 „Dazu wird nicht viel Zeit bleiben,“  entgegnete Scharfen-
547 245 628 2202 klau, ,,dem wird wohl der Strick zuvorkommen. So geſchwind
632 270 711 1106 bricht ein Weiberherz nicht.“
734 380 812 2200 „Kommt drauf an von was für Stoff es iſt, Herr. - Doch
820 244 898 2203 kurz von der Sache, ich kann es nicht thun. Es iſt gegen mein Ge-
905 285 982 524 wiſſen.“
989 380 1086 2203 ,,Euer Gewiſſen, Burſche!“ ſagte Scharfenklau mit Hohn-
1091 286 1166 476 lachen.
1176 378 1254 2204 „Nun ja, Herr,“  erwiederte Ratcliffe ſehr ruhig,,,mein Ge-
1261 244 1339 2205 wiſſen. Jedermann hat eins, wenn es auch ſchwer iſt, ihm beizu-
1346 238 1422 2206 kommen. Meins iſt ſo gut außerm Schuß als der meiſten Leute
1431 242 1509 2204 ihrs; doch gehts damit wie mit der Ellbogenſpitze, manchmal kriegt
1516 251 1593 1837 man einen Stoß weg, und da ſchmerzt es eine Weile.“
1616 379 1697 2203 „Wohl, Rat, da Ihr ſo zartſinnig ſeid, will ich ſelbſt mit
1704 276 1781 683 ihr fprechen.“
1805 377 1883 2205 Wirklich ließ Scharfenklau ſich zu dem kleinen dunkeln Zimmer
1891 238 1968 2203 führen, das die unglückliche Effie jetzt bewohnte. Sie ſaß matt an-
1978 194 2059 2202 gelehnt auf ihrem Strohbettchen, in ein tiefes Träumen verloren.
2054 195 2140 2203 Einige Speiſe ſtand auf dem Tiſch, von beſſerer Art, als Gefan-
2147 239 2224 2201 gene ſie wohl ſonſt erhalten, allein ſie war unberührt. Der Ge-
2231 237 2308 2208 fängnißwärter, unter deſſen Aufſicht ſie ſtand, ſagte, daß ſie oft
2315 233 2411 2204 in vier und zwanzig Stunden nichts als einen Trunk Waſſer
2402 274 2477 491 genöſſe.
2466 379 2566 2198 Scharfenklau nahm einen Stuhl, gebot dem Schließer ſich zu
2571 238 2648 2202 entfernen, und begann das Geſpräch, indem er ſich bemühte ſeinem
2657 234 2734 2198 Ton und ſeiner Miene ſo viel Mitleidiges zu geben, als ſie füglich
2740 236 2819 2229 ausdrücken konnten; denn jener war hart und rauh, dieſe liſtig,
2823 266 2901 941 ſtreng und ſelbſtſüchtig.
2923 376 3009 2194 „„Nun Effie, wie iſts! Wie gehts, Kind!“ “ Ein tiefer Seuf-
3012 271 3086 879 zer war die Antwort.
