2364 4066
241 464 411 2168 THE HEART OF MID-LOTHIAN. 25
465 157 566 2033 ficient in those means of recommendation
604 158 719 2035 which are necessary passports to the hospi-
725 188 847 1045 tality of an inn.
856 116 962 2042 I ventured to call the attention of the
988 161 1105 2037 two. dashing young blades, for such they
1116 166 1215 2041 seemed, to the desolate condition of their
1242 171 1353 2047 fellow-traveller. They took the hint with
1372 189 1483 1018 ready good-nature.
1497 275 1596 2048 "O true, Mr Dunover," said one of the
1622 175 1747 2045 youngsters, "you must not remain on the
1739 149 1865 2046 pave here; you must go and have some
1874 168 2000 2047 dinner with. us - Halkit and I must have
1992 175 2119 2048 a post-chaise to go on, at all events, and
2130 178 2248 2271 we will set you down wherever suits you
2265 212 2349 709 best."
2357 280 2500 2301 The poor man, for such his dress, as well
2513 179 2623 2059 as his diffidence, bespoke him, made the
2632 176 2752 2334 sort of acknowledging bow by which says
2764 187 2891 2058 a Scotchman, "It's too much honour for
2894 185 3023 2061 the like of me;" and followed humbly be-
3014 189 3139 2061 hind his gay patrons, all three besprinkling
3148 189 3262 2063 the dusty road as they walked along with
3276 185 3391 2250 the moisture of their drenched garments,
