1806 2420
244 61 314 1500 mehr zur Aufklärung des Landes beitrug, als
315 60 376 1500 solches je von irgend einem Fürsten bewirkt
383 16 451 1503 worden war, der in oder über Schottland re-
452 90 515 266 gierte.
519 128 588 1493 Während Marschall Wade beschäftigt war,
587 64 650 1488 die Hochlande zu beruhigen, und sie der Mi-
656 58 725 1494 litärmacht zugänglich zu machen, brach in
726 60 792 1493 dem Flachlande ein Miſsvergnügen aus, wel-
794 1359 844 1461 Die
793 65 862 1308 ches mit gefährlichen Folgen drohete.
857 59 928 1492 Regierung hatte Lust bekommen, die Ein-
929 58 988 1496 künfte Schottlands zu einer Quelle der Re-
1000 60 1062 1491 venüen des öffentlichen Schatzes zu machen,
1067 56 1132 1615 da sie bisher kaum hinreichend gewesen wa-
1136 57 1201 1490 ren, die öffentlichen Anstalten des Königrei-
1205 60 1266 1491 ches aufrecht zu erhalten und die Truppen
1272 56 1339 1492 zu besolden, die dort nothwendiger Weise
1338 57 1404 1491 der öffentlichen Ruhe wegen einquartiert wer-
1407 57 1468 1492 den muſsten. So war ein Surplus der Ein-
1473 54 1529 1492 künfte wünschenswerth und die Jacobiten
1542 55 1610 1492 sprengten neidisch aus, daſs der unmittelbare
1612 54 1679 1492 Zweck nichts anders wäre, als Gelder in
1680 53 1746 1490 Schottland aufzutreiben, um eine Ausgabe von
1747 51 1815 1489 etwa zehn Guineen wöchentlich zu bestreiten,
1815 52 1882 1486 die jedem Nord-Britischen Parlamentsgliede
1887 52 1953 1485 zur Deckung der Kosten seines Aufenthaltes
1949 51 2021 1487 in London bewilligt woren waren. Diese
2021 51 2088 1488 Ausgahe war bisher der allgemeinen Revenüe
2087 4 2158 1486 auferlegt worden; allein jetzt, sagten die Ja-
2148 4 2240 1494 cobiten, wurden die schottischen Mitglieder
2240 36 2319 263 257.
