1797 2405
174 274 226 383 220
275 238 355 1701 ren, hatte die allgemeine Civilisation Brita-
355 237 422 1698 taniens solchen Einfluſs gehabt, daſs sie nicht
424 237 478 1696 nur dem Miſsbrauch ihrer Gewalt über ihre
490 239 556 1696 Clansmänner abhold, sondern sowohl aus Po-
559 236 627 1797 litik wie aus höheren Beweggründen geneigt
622 232 698 1799 waren, ihre Vasallen von frechen Gewohn-
689 231 770 1799 heiten abzubringen, Rohes und Wildes unter
764 238 837 1800 denselben auszurotten und das auszubilden,
832 235 901 1803 was sich an ehrenvollen und edlen Regungen
1035 234 1095 1802 nie auf eine für die Menschheit so wohthä-
1102 238 1175 1685 tige Weise in Anwendung gebracht ward, als
1171 237 1239 1798 zu der Zeit, wo es von den Ursachen er-
1238 239 1307 1688 schüttert wurde, durch welche es endlich sei-
1308 239 1374 1686 ner Auflösung hingegeben werden muſste. Aus
1374 238 1442 1801 diesem Gesichtspunkte glich es dem Holze
1444 235 1513 1690 gewisser Bäume, welches dann erst dem Kunst-
1511 245 1579 1684 arbeiter ein schönes Material liefert, wenn
1580 243 1645 1683 es die Berührung des Verfalls empfunden hat.
1645 318 1713 1680 Aus diesen und andern Gründen gewährt
1715 241 1781 1679 der Ueberblick, den wir auf das System des
1784 239 1849 1800 Clanswesens, so wie es zur Zeit der vorher-
1849 236 1917 1681 gehenden Generation war, warfen, denselben
1915 237 1978 1679 Anblick, den eine hochländische Landschaft dar-
1984 238 2045 1682 bietet, wenn sie durch die Tinten eines milden
2048 238 2106 1679 Sommerabends verschönt wird. An solchem
2112 237 2187 1681 Abend werden die fernen Höhen, Seen, Wälder
2177 239 2255 1678 und Klüfte durch das Erglühen der Atmosphäre
