2540 3506
212 1285 283 1420 240
359 332 455 1811 D'rum eben darf Achill nicht mit ihm ſtreiten.
450 329 525 2037 Laß, gleich dem Kaufmann, ſchlechtre Waar' uns zeigen,
520 339 594 1656 und denken, vielleicht geht ſie ab; wo nicht,
588 343 661 1551 Gewinnt der Glanz der beſſeren dadurch,
655 339 731 1792 Daß man die ſchlecht' erſt zeigte. Leid' es nicht,
723 345 800 1557 Daß jemals Hektor mit Achilles kämpft;
793 340 867 1755 Denn beides unſre Ehr' und Schmach wird hier
863 346 937 1595 Gejagt von zwei verderblichen Verfolgern.
937 403 1046 2218 Neſtor. Mein altes Auge ſieht ſie nicht, wer ſind ſie?
1026 405 1106 2209 Ulyſſ. Den Ruhm, den ſich Achill erwirbt von Hektor,
1100 353 1175 1598 Wär' er nicht stolz, wir theilten alle ihn:
1167 354 1242 1498 Jedoch bereits iſt er zu hochmuthsvoll;
1236 349 1312 1690 und lieber möcht' uns Lybiens Sonne ſengen,
1306 347 1382 1767 Als Stolz und bittrer Hohn aus ſeinem Blick,
1375 344 1450 2070 Käm' heil von Hektor er;- würd' er beſiegt,
1444 358 1518 1474 Verdürben wir uns unſern guten Ruf
1512 346 1586 1945 Durch unſers Beſten Schmach. Nein, laß ſie looſen,
1581 356 1656 1697 Und laß, durch Liſt, den plumpen Aiax ziehn
1650 358 1723 1752 Das Loos zum Kampf mit Hektor, Unter uns
1719 361 1790 1787 Gib ihm das Lob des beßten Mann's vor Allen;
1787 364 1860 1624 Gewiß erquickt's den großen Myrmidonen,
1855 356 1929 1843 Der prahlt mit Aller Lob; dann fällt ſein Kamm,
1922 368 1997 1495 Der ſtolzer ſich als blaue Iris bläht.
1983 367 2069 1635 Kommt der ſtumpfſinn'ge Aiax heil davon,
2060 366 2134 1705 So preiſen wir ihn laut; doch wenn er fallt,
2130 367 2205 1758 Behaupten wir uns doch den Ruf hinfort,
2200 373 2271 1714 Daß Beßre bei uns ſind. Gut oder ſchlimm,
2268 373 2343 1746 Den Nutzen hat es doch vor allen Dingen, -
2336 372 2418 1912 Braucht Aiax man, lähmt er Achill die Schwingen.
2422 465 2496 1028 Neſtor. Ulyſſes,
2487 371 2566 1866 Nun fängt dein Rath mir auch an gut zu dünken,
2558 383 2634 1625 Und ich will ihn im Voraus merken laſſen
2628 385 2703 1835 Dem Agamemnon: gehn wir gleich zu ihm.
2695 389 2771 1930 Hier zähm' ein Hund den Andern: Stolz allein
2764 397 2840 1566 Soll ſie aufhetzen wie ein Schinkenbein.
2778 2004 2838 2269 (Gehen ab.
