3748 6120
304 345 376 498 248
293 1459 398 2617 Ende gut, Alles gut.
463 387 537 1474 Erſt. Edelm. Ganz vortrefflich.
532 374 607 2046 Sold. (leſend). „Diana, der Graf iſt ein Narr und
601 332 678 899 ſchwer von Gold.“
668 380 747 2049 Par. Das iſt nicht des Herzogs Brief, Herr, das iſt
738 309 818 2050 eine Zuſchrift an ein gewiſſes Mädchen in Florenz, eine
808 308 887 2051 gewiſſe Diana, ſich vor den Lockungen eines Grafen Rouſ-
880 306 956 2050 ſillon, eines albernen, eiteln Burſchen, der bei alldem
949 310 1027 2052 höchſt geil iſt, zu hüten. Ich bitte euch, ſteckt mir das
1019 329 1094 1277 Schreiben wieder in die Taſche.
1088 391 1161 1549 Sold. Nein, erſt will ich ihn leſen.
1156 379 1237 2051 Par. Meine Abſicht dabei war, ſag' ich, höchſt red-
1226 310 1309 2053 lich in Abſicht auf das Mädchen; denn ich weiß, daß der
1296 309 1376 2050 junge Graf ein gefährlicher und ausſchweifender Geſell,
1368 311 1444 2053 ein wahrer Haifiſch der Jungfraunſchaft iſt, der alle Fiſch-
1438 330 1513 1251 brut verſchlingt, die er ſindet.
1507 383 1583 2049 Bert. Verdammenswerther, doppelzüngiger Schurke!
1574 382 1653 2053 Sold. (leſend). „Schwört er, ſo fordre Geld von ihm
1648 799 1721 1230 und nimm es;
1712 319 1796 1732 „Ankreiden läßt er, zahlt doch nie die Kreide;
1785 312 1867 2054 „Sei klug beim Handel drum, ſonſt wird dir Schlimmes,
1853 316 1935 1943 „Gemachte Schuld nicht zahlen, macht ihm Freude.
1923 317 2003 1880 „Dann, Diana, ſprich, wie wir's gerathen haben:
1994 314 2073 1982 „Die Männer küßt man wohl, doch nicht die Knaben!
2065 316 2145 1896 „Glaub mir, ein Narr iſt dieſer Graf, ich ſchwör',
2131 322 2212 1675 „Er zahlt voraus, doch niemahls hinterher.
2204 412 2282 2056 „Dein, wie ich dirs ins Ohr gelobt - Paroles.“
2273 382 2354 2060 Bert. Er ſoll durch die Armee gepeitſcht werden, mit
2344 331 2418 1201 dieſen Reimen an der Stirn.
2412 385 2495 2058 Zweit. Edelm. Das iſt euer treuergebener Freund,
2484 313 2564 2063 Herr Graf, der gewandte Sprachkenner, der waffentüch-
2555 346 2630 730 tige Krieger!
2620 386 2702 2060 Bert. Alles konnte ich bisher ertragen, nur keine
2692 333 2767 1339 Katze, jetzt iſt er mir eine Katze.
2763 388 2844 2058 Sold. Aus den Blicken des Generals nehme ich ab,
2831 315 2910 1606 daß wir euch wohl werden hängen müſſen.
2902 387 2979 2059 Par. Um mein Leben bitt' ich, Herr, und das jeden
2970 315 3054 2063 Falles. Nicht daß ich mich vor dem Tode fürchte; aber
3041 319 3118 2063 meiner Sünden ſind viele, ich möchte den Reſt meines
3113 318 3189 2059 Lebens dazu verwenden, ſie zu bereuen. Laßt mich leben,
3182 316 3260 2062 Herr - im Kerker, im Stock oder ſonſt wo - wenn ich
3252 353 3315 624 nur lebe.
3321 388 3398 2063 Sold. Wir wollen ſehen, was ſich thun läßt, wenn
3390 318 3468 2067 ihr freimüthig bekennt. Darum fragt man nochmahls hin-
3461 319 3538 2065 ſichtlich des Hauptmanns Dumain. Jn Betreff ſeiner Tap-
3531 321 3607 2065 ferkeit und ſeines Anſehens bei dem Herzoge habt ihr geant-
3602 321 3679 1977 wortet - „Wie ſieht es mit ſeiner Redlichkeit aus?“
3670 389 3748 2066 Par. Er wird euch ein Ei aus einem Kloſter ſteh-
3741 320 3815 2066 len, Herr; denn im Rauben und Mädchenentführen kommt
3810 321 3900 2065 er dem Neſus gleich. Er macht kein Geſchäft daraus,
3880 320 3954 2069 ſeine Schwüre zu halten, allein im Brechen derſelben iſt
3949 323 4030 2070 er ſtärker als Herkules. Er wird mit ſolcher Zungenge-
4019 321 4097 2068 läufigkeit lügen, Herr, daß ihr glauben möchtet, die
4088 322 4164 2072 Wahrheit ſei eine Närrin; Trunkenheit iſt ſeine beſte Tu-
4159 322 4237 2072 gend; denn er iſt ſaubetrunken; und im Schlafe thut er
4229 322 4306 2069 am wenigſten Jemandem etwas zu Leide, außer ſeinen
4298 321 4377 2069 Betttüchern. Allein man kennt ſeine Zuſtände und legt
4365 322 4447 2073 ihn daher auf Stroh. Jch habe wenig mehr von ſeiner
4438 323 4516 2071 Rechtſchaffenheit zu ſagen, Herr; er beſitzt Alles, was
4507 324 4588 2071 ein rechtſchaffener Mann nicht beſitzen ſollte; von dem
4575 324 4656 2072 aber, was ein rechtſchaffener Mann beſitzen ſollte, beſitzt
4644 363 4718 640 er nichts.
4711 399 4793 2074 Erſt. Edelm. Jch fange an, ihn um dieſer Aeuße-
4785 349 4857 1179 rung willen liebzugewinnen.
4852 404 4934 2076 Bert. Um dieſer Beſchreibung deiner Rechtſchaffenheit
4924 327 5006 2077 willen? Die Peſt über ihn von meinetwegen; mir gilt er
4994 348 5069 1326 nur um ſo mehr für eine Katze!
5064 401 5144 2074 Sold. Was ſagt ihr von ſeiner Erfahrung im Kriegs-
5133 367 5202 587 dienſte?
5199 403 5285 2075 Par. Fürwahr, Herr, er hat vor den engländiſchen
5272 329 5351 2078 Tragödienſpielern die Trommel her getragen - belügen
5343 329 5419 2080 will ich ihn nicht - und mehr weiß ich nicht von ſeinem
5412 330 5491 2080 Soldatenthum, ausgenommen daß er in jenem Lande, Eng-
5483 331 5561 2083 land, die Ehre hatte, an einem Orte, Meilenend ge-
5551 331 5631 2081 nannt, Offizier zu ſein, und im Bilden doppelter Reihen
5619 330 5699 2082 Unterricht zu geben. Gern möchte ich dem Mann alle
265 3415 422 3740 Akt IV.
443 2019 552 3774 ihm gebührende Ehre erweiſen, aber über dieſen Umſtand
529 2040 603 2907 bin ich nicht genau berichtet.
593 2091 725 3777 Erst. Edelm. Er hat die Spitzbüberei ſo ausgelernt,
669 2034 743 3254 daß die Seltenheit ihn wieder losſpricht.
722 2092 822 3777 Bert. Die Peſt über ihn; er hat doch eine Katzenatur
808 2091 891 3776 Sold. Da ſeine Eigenſchaften in ſo ärmlichem Preſe
873 2022 985 3776 ſtehen, ſo brauche ich euch nicht zu fragen, ob Gold ohn
947 2038 1022 2964 zur Empörung beſtechen kann?
998 2088 1096 3775 Par. Herr, für einen Viertel-Kronthaler wird er
1085 2021 1163 3776 das Freilehn ſeiner Erlöſung, das Erbrecht derſelben ver
1154 2021 1234 3776 kaufen, und alle ſeine Nachkommen des Erbrechts und der
1227 2046 1300 2828 ewigen Erbfolge berauben.
1368 2049 1439 2654 der zweite Dumain?
1401 2099 1533 3775 Zweit. Edelm. Warum fragt er ihn nach mir?
1506 2110 1579 3211 Sold. Was für ein Mann iſt er?
1552 2101 1653 3775 Par. Eine Krähe aus demſeiben Neſte, im Guten
1644 2024 1722 3777 nicht ſo groß als Jener, aber im Schlechten einen großen
1715 2026 1791 3777 Theil größer. Als Feigling übertrifft er ſeinen Bruder,
1785 2025 1861 3780 wiewohl dieſer für ein Muſter von der Sorte gilt. Beim
1852 2026 1931 3780 Rückzuge läßt er jeden Schnellläufer hinter ſich, und
1924 2026 1998 3780 wenn's ans Vorrücken geht, bekommt er den Krampf.
1992 2097 2070 3779 Sold. Wenn eures Lebens geſchont wird, wollt ihr
2065 2031 2141 3780 es dann unternehmen, den Florentiner Herzog zu verrathen!
2133 2100 2227 3777 Par. Ja, und den Oberbefehlshaber ſeiner Reiterei,
2204 2047 2277 3061 den Grafen Rouſſillon, ebenfalls.
2227 2102 2413 3778 Sold. Ich will leiſe mit dem General ſprechen und
2343 2048 2417 2981 ſeine Willensmeinung erkunden.
2409 2099 2489 3777 Par. (beiſeit). Jch will nichts mehr von Trommelei
2480 2029 2556 3779 wiſſen. Die Peſt über alle Trommeln! Nur um ver-
2549 2030 2627 3779 dienſtlich zu ſcheinen, und um die Meinung jenes ausſchwei-
2621 2029 2700 3779 fenden Knaben, des Grafen, zu beſtechen, habe ich mich
2689 2031 2769 3759 in dieſe Gefahr geſtürzt. Wer hätte auch an einem Ort,
2760 2032 2836 3709 wo man mich griff, einen Hinterhalt vermuthen ſollen?
2828 2104 2906 3760 Sold. Da iſt keine Rettung, Herr; ihr müßt ſter-
2899 2030 2976 3763 ben. Der General ſagt, daß ihr, der ihr ſo verräthe-
2969 2030 3047 3762 riſch die Geheimniſſe eures Heeres aufgedeckt, und ſolche
3038 2031 3115 3783 ſtinkenden Berichte über Männer, die im höchſten Anſehen
3108 2032 3186 3783 ſtehen, abgegeben habt, der Welt durchaus keinen Nutzen
3176 2033 3276 3783 schafen könnt; deswegen müßt ihr ſterben. Kom her,
3250 2046 3325 3332 Scharfrichter, herunter mit ſeinem Kopfe
3286 2103 3417 3781 Par.  O Gott, Herr! Laßt mich leben, oder laßt
3391 2055 3466 2776 mich meinen Tod ſehen!
3433 2109 3537 3782 Sold. Das ſollt ihr, und ſollt Abſchied von allen eu-
3520 2033 3625 3784 ren Freunden nehmen. (Er ninmt ihm die Binde ab). So,
3600 2046 3676 3289 ſeht euch um; kennt ihr hier Jemanden?
3671 2110 3744 3562 Bert. Guten Morgen, wackerer Hauptmann.
3715 2110 3816 3782 Zweit. Edelm. Gott ſegne euch, Capitain Paroles.
3810 2115 3884 3671 Erſt. Edelm. Gott mit euch, braver Capitain.
3878 2113 3954 3763 Zweit. Edelm. Capitain, welchen Gruß habt ihr
3948 2038 4027 3765 an Herrn Le Feu zu beſtellen? Jch reiſe nach Frankreich.
4019 2115 4093 3763 Erſt. Edelm. Lieber Capitain, wollt ihr mir eine
4090 2040 4168 3765 Abſchrift von dem Sonnette zukommen laſſen, das ihr an
4156 2041 4236 3769 jene Diana, zu Gunſten des Grafen Rouſſillon ſchriebt!
4227 2041 4304 3767 Wenn ich nicht ein ſo arger Feigling wäre, würde ich
4301 2052 4379 3363 euch abzwingen; ſo aber, gehabt euch wohl.
4381 2519 4439 3715 (Bertram und die Edelleute gehen ab.)
4450 2115 4532 3765 Sold. Jhr ſeid hier, Capitain; nur eure Schärpe
4526 2051 4600 3422 iſt es noch nicht, die hat noch ihren Knoten.
4605 2117 4687 3655 Par. Wer müßte nicht einem Complott erliegen?
4693 2116 4772 3766 Sold. Wenn ihr ein Land ausfindig machen könntet,
4763 2044 4841 3770 worin Weiber wären, die nicht mehr Schaam hätten als
4833 2045 4914 3767 ihr habt, ſo könntet ihr eine freche Nation heranbilden.
4900 2044 4986 3768 Gehabt euch wohl, Herr. Auch ich gehe nach Frankreich;
4979 2064 5051 3025 dort wollen wir von euch reden.
4989 3542 5042 3650 (ab.)
5057 2114 5143 3764 Par. Doch dank' ichs euch. Mir bräch' das Herz darüber,
5128 2046 5212 3764 Wenn's groß wär'. Hauptmann will ich nicht mehr ſein;
5205 2054 5283 3438 Doch eſſen, trinken, ruhig ſchlafen will ich,
5270 2051 5351 3632 Wie's nur ein Hauptmann kann; mein liedes Selbſt
5343 2054 5422 3558 Soll Lebenszweck mir ſein. Wer ſich als Prahler
5413 2055 5491 3546 Erkennt, der fürchte Gleiches, 's iſt gegründet,
5483 2061 5561 3266 Daß jeder Prahler ſich als Eſel kündet.
5545 2052 5633 3766 Schwerd, roſte! Schaam verſchwind! Ich will mich freun
5622 2053 5702 3668 Der Schmach! Als Narr ſoll Narrheit mir gedeihn.
5716 2003 5770 2137 XII.
