3785 6110
1054 856 1205 3272 Viel Lärm um Nichts.
1966 335 2044 1404 Don Pedro, Prinz von Aragon.
1359 1862 1431 2237 Ueberſetzt
1528 1381 1618 2733 Dr. Georg Nieolaus Bärmann.
2036 334 2115 1508 Don Juan, ſein unehelicher Bruder.
1807 1799 1916 2316 Perſonen:
1948 2038 2028 2703 Ein Unterküſter.
2023 2043 2102 2494 Ein Mönch.
2095 309 2183 2542 Claudio, ein junger florentiniſcher Edelmann, Günſtlinge Ein Knabe.
2167 319 2253 2106 Benedict, ein junger Edelmann aus Padua, Don Pedro's.
2243 336 2318 1468 Leonato, Statthalter von Meſſina.
2314 344 2387 1180 Antonio, deſſen Bruder.
2382 338 2466 1448 Balthaſar, Don Pedros Diener.
2450 335 2558 1529 Borrachio, Don Juans Genoſſen.
2525 356 2596 824 Conrad,
3010 787 3104 1623 Erſter Aufzug.
3243 379 3306 2084 (Leonato, Hero, Beatrice, Gefolge treten auf
3296 455 3353 1027 mit einem Boten.)
3417 405 3503 2083 Leon. Ich vernehme aus dieſem Briefe, daß Don
3497 330 3577 2084 Pedro von Aragon heut abend nach Meſſina kommen wird.
3567 402 3641 2086 Bote. Er iſt nicht fern mehr. Er war nur noch drei
3635 342 3712 1746 Stunden Weges von hier, als ich ihn verließ.
3706 401 3780 2083 Leon. Wie viele Herren habt ihr in dieſem Treffen
3842 401 3919 2081 Bote. Nur wenige von Range, und keinen von Nahmen.
3914 402 3988 2084 Leon. Ein Sieg iſt doppelt ſo viel werth, wenn der
3983 331 4064 2083 Feldherr vollzählige Mannſchaft wieder heimbringt. IJch
4054 334 4129 2082 ſinde hier auch, daß Don Pedro einem jungen Florentiner,
4122 342 4197 1737 Nahmens Claudio, hohe Ehren verliehen hat.
4193 407 4265 2085 Bote. Die dieſer eben ſo verdient, wie Don Pedro es
4261 335 4335 2082 anerkennt. Er leiſtete weit mehr als ſein Alter verheißt,
4330 335 4402 2088 indem er in der Geſtalt eines Lammes die Thaten eines
4400 334 4475 2087 Löwen vollführte. Er hat in der That die Erwartung
4470 336 4546 2085 mehr übertroffen, als ihr von mir erwarten müßt, euch
4538 355 4618 1253 zu erzählen, wie er das that.
4607 409 4683 2087 Leon. Er hat hier in Meſſina einen Oheim, den das
4679 366 4755 1035 höchlich erfreuen wird.
4743 413 4823 2086 Bote. Dem habe ich bereits Briefe eingehändigt, und
4815 340 4893 2091 ſeine Freude ſchien ſehr groß, ja ſo groß zu ſein, daß ſie
4883 340 4966 2091 ſich ohne Zeichen von Schmerz nicht beſcheiden genug zei-
4958 375 5032 711 gen konnte.
5018 426 5093 1520 Leon. Brach er in Thränen aus?
5091 424 5167 1564 Bote. In eine Fluth von Thränen.
5161 414 5244 2091 Leon. Eine milde Fluth der Mildherzigkeit! Es giebt
5228 344 5316 2094 keine wahreren Geſichter als diejenigen, welche ſo gewa-
5301 344 5383 2093 ſchen werden. Wie viel beſſer iſt es, vor Freude zu wei-
5367 359 5446 1540 nen, als ſich über Thränen zu freuen!
2281 2036 2382 2868 Hero, Leonato's Tochter.
2375 2032 2453 2994 Beatrice, Leonato's Nichte.
2516 2048 2590 2365 Urſula,
2581 2031 2672 3059 Boten, Wachen, Gefolge.
2738 1670 2815 2470 Schauplatz: Meſſina.
3149 436 3222 1973 Erſter Auftritt. Vor Leonatos Hauſe.
3779 365 3841 633 verloren?
5440 416 5517 2094 Beat. Sagt an, iſt Signore Haudegen aus dem
5509 361 5584 1334 Felde zurückgekehrt, oder nicht?
5577 414 5663 2097 Bote. Ich kenne keinen des Nahmens, Signora; in
5649 358 5722 1560 der ganzen Armee gab es keinen ſolchen.
