3798 6124
304 390 376 540 110
285 1382 385 2768 Johannis - Nachts - Traum.
454 343 533 1803 Doch hier, wo euch des Vaters Bill'gung fehlt,
522 342 600 1807 Muß euch der andre Mann für würd'ger gelten.
592 402 672 2085 Herm. O, ſäh' mein Vater doch mit meinen Augen
663 410 741 1905 Theſ. Mit ſeinem Urtheil ſollt ihr billig ſehn!
728 404 811 2080 Herm. Ich fleh' euch an, mein Fürſt, mir zu verzeihen.
799 339 882 1869 Ich weiß nicht, welche Kraft ſo kühn mich macht,
868 342 949 1838 Noch wie's zu meiner Keuſchheit ſtimmt, daß ich
936 347 1017 1573 Vor ſolchen Zeugen ſage, was ich denke.
1010 341 1088 1742 Doch fleh' ich eure Huld an, mir's zu nennen,
1076 342 1155 1805 Was Schlimmſtes mir begegnen kann, wenn ich
1148 347 1222 1659 Zum Weib mich dem Demetrius verweigre.
1216 410 1295 1849 Theſ. Entweder Todes ſterben oder ſchwören,
1287 346 1362 1670 Der Männer Umgang immerdar zu meiden.
1352 346 1434 1774 Erforſcht drum, ſchöne Hermia, eure Wünſche,
1425 349 1499 1550 Denkt eurer Jugend, prüfet euer Blut,
1491 344 1571 1836 Ob, wenn ihr nicht des Vaters Wahl euch fügt,
1565 346 1642 1710 Ihr das Gewand der Nonn' ertragen könnt,
1632 351 1710 1580 Um, eingeſperrt in düſterm Kloſter, all
1699 350 1777 1675 Eur Lebenlang, als unfruchtbare Schweſter
1772 348 1846 1617 Dürrkaltem Monde mattes Lied zu ſingen.
1841 346 1917 1672 Heil dreifach denen, die ihr Blut bezähmen,
1909 348 1989 1689 Solch jungfräulichem Wandel ſich zu weihn;
1978 347 2060 1609 Doch iſt gepflückte Roſ' irdiſch beglückter,
2049 343 2124 1834 Als die, an jungfräulichem Strauch verwitternd,
2117 348 2192 1613 Im Cölibatsheil wächſet, lebt und ſtirbt.
2186 408 2264 2081 Herm. So will ich wachſen, leben, Herr, und ſterben,
2257 351 2334 1799 Eh meinen Jungfern Freibrief einem Herrn ich
2324 355 2404 1437 Hingebe, deſſen unerwünſchtem Joch
2395 350 2471 1715 Mein Herz die Oberherrſchaft nicht bewilligt.
2461 415 2544 2086 Theſ. Nehmt euch Bedenkzeit; auf den nächſten Neu-
2538 841 2608 1014 mond,
2602 349 2677 1765 Den Tag der zwiſchen mir und meiner Liebſten
2673 350 2746 1711 Das Bündnis ew'ger Treu beſiegeln wird -
2740 351 2829 1704 Auf dieſen Tag bereitet euch zu ſterben
2810 355 2888 1460 Für euern Ungehorſam, oder eh'licht
2883 355 2953 1471 Demetrius nach Vaters Willen, oder
2951 354 3026 1625 Schwört auf Dianens Weihaltar auf ewig
3021 361 3095 1408 Enthaltſamkeit und eheloſen Stand.
3087 412 3165 2029 Dem. Füg, ſchöne Hermia, dich; Lyſander, opfre
3158 350 3233 1688 Dein albern Wünſchen meinem guten Recht!
3244 423 3322 1837 Lyſ. Demetrius, du haſt des Vaters Liebe;
3316 350 3390 1768 Laß Hermia's Liebe mir; nimm ihn zum Weib.
3396 415 3473 1946 Aeg. Spottſüchtiger Lyſander Ja, ich lieb' ihn,
3466 344 3546 1947 Und All', was mein, ſoll meine Lieb ihm reichen;
3534 352 3610 1715 Und ſie iſt mein, und all mein Recht auf ſie
3603 361 3678 1383 Will an Demetrius ich überlaſſen.
3687 422 3769 2051 Luſ. Ich bin, mein Fürſt, ſo edlen Stamms als er,
3758 357 3838 1597 So reich begütert, reicher noch an Liebe;
3827 349 3906 1882 Mein Glücksſtand wohl beſtellt, wenn er nicht gar
3895 365 3974 1438 Den des Demetrius noch übertrifft;
3965 349 4043 1979 Und - was viel mehr denn all dies Rühmen gilt -
4035 353 4112 1769 Ich weiß geliebt mich von der ſchönen Hermia.
4103 349 4182 1915 Weshalb ſollt' ich mein Recht denn nicht verfolgen?
4173 360 4248 1504 Demetrius, ich ſag's ihm ins Geſicht,
4244 355 4320 1751 Buhlt' einſt um Nedar's Tochter, Helena, und
4314 353 4391 1827 Gewann ihr Herz, und ſie, die Holde, ſchwärmt
4382 364 4457 1333 Andächtiglich, ja mit Abgötterei
4452 358 4528 1559 Für dieſen boshaft unbeſtänd'gen Mann.
4539 423 4625 1890 Theſ. Geſtehen muß ich, daß ich davon hörte,
4611 359 4687 1527 Und mit Demetrius drob reden wollte;
4677 357 4755 1583 Doch, überhäuft von eigenen Geſchäften,
4748 360 4826 1588 Vergaß ich's. Aber komm, Demetrius,
4820 353 4902 1883 Auch du komm, Aegeus; ihr ſollt mit mir gehn,
4886 358 4963 1624 Mit Beiden hab' ich in Geheim zu reden.
4956 357 5034 1673 Jhr, ſchöne Hermia, waffnet euch, daß ihr
5026 361 5101 1527 In Vaters Willen eure Grillen füget.
5094 362 5169 1528 Wo nicht, ſo übergiebt Athen's Geſetz,
5165 356 5245 1722 Deß Kraft wir keineswcgs vernichten können,
5233 363 5308 1495 Dem Tod' euch oder eheloſem Stand.
5303 355 5377 1777 Hippolyta, wie geht's, mein Liebchen? Komm!
5373 360 5448 1592 Demetrius und Aegeus, folgt uns nach:
5440 359 5524 1691 Zu unſerm Hochzeitfeſt hab ein Geſchäft ich
5508 366 5589 1484 Euch aufzutragen und ob Wichtigem,
5582 356 5661 1748 Das euch betrifft, mit euch mich zu berathen.
