3781 6189
374 371 443 522 778
359 1571 443 2550 Titus Andronicus.
512 369 586 3296 Bauer. Ja wohl, ſobald eure Frauenſchaft kaiſerlich iſt. Den Gothen dieſen Lucius zu entreißen.
580 368 656 3318 Tam. Die Kaiſrin bin ich, doch iſt dort der Kaiſer. Jetzt, holder Kaiſer, blicke wieder froh;
368 3468 445 3714 Akt V.
651 368 727 3387 Bauer. Er iſt's. Gott und Sankt Stephan mögen Begrabe deine Furcht in meinem Anſchlag.
718 291 820 3732 euch einen guten Abend verleihen! Ich habe euch hier Sat. So geh denn hin, und überred ihn glücklich
789 3401 845 3643 (Alle ab.)
789 329 865 2102 ein Schreiben und auch ein Paar Tauben zu bringen.
928 763 1001 1610 und henkt ihn augenblicklich!
999 408 1069 1634 Bauer. Wie viel Geld ſoll ich haben?
975 2455 1071 3377 Fünfter Aufzug.
1066 404 1138 1788 Tam. Ei was, Burſch! Du wirſt gehenkt.
1192 285 1311 3777 ich meinen Hals zu einem schönen Endchen heranwachſen
1274 1019 1334 1584 (Er wird abgefülrt.)
1284 366 1350 550 laſſen!
1299 2015 1404 3603 Luc. Erprobte Krieger und mir treue Freunde!
1416 343 1486 1451 Erduld ich dieſe ungeheure Bosheit?
1463 2023 1541 3404 Sie melden, wie das Volk den Kaiſer haßt,
1485 335 1561 1683 Ich weiß, von wannen dieſer Anſchlag kam;
1554 335 1628 1705 Iſt's auszuhalten? - Gleich als wären ſeine
1624 343 1694 1432 Verrätherſöhne, die geſetzlich ſtarben
1690 332 1765 1825 Als Mörder unſers Bruders, ſonder Rechtsſpruch
1532 2023 1607 3369 Und wie es ſich nach unſerm Anblick ſehnt.
1600 2016 1681 3663 Drum, edle Mannen, ſeid, wie's euer Ruhm heiſcht,
1672 2024 1750 3365 Gebietriſch und empſindlich gegen Schmach:
1740 2023 1819 3388 Und wo euch Rom allweg hat Leids gethan,
1765 338 1836 1651 Geſchlachtet! Bei den Haaren ſchleppt mir
1886 2014 1960 3738 ſ1. Gothe. Vieltapfrer Sproß des großen Andronicus
1902 337 1978 1700 Dergleichen ſchützen! Für dies ſtolze Höhnen
1973 331 2046 1859 Will ich dein Henker werden, Schlauwahnwitz'ger,
2042 333 2116 1838 Der du mich groß zu machen halfſt , in Hoffnung
2113 343 2187 1360 Rom und mich ſelber zu regieren.
2251 431 2309 601 Sat.
2194 878 2249 1521 (Aemilius tritt auf.)
2247 1430 2306 1603 Nun?
1934 2015 2029 3737 Deß Nahm' uns Graun einſt war und jetzt uns Troſt ist
2018 2025 2097 3353 Deß Kriegerruhm und ehrenwerthe Thaten
2089 2024 2168 3428 Rom mit Verachtung und mit Undank lohnt;
2153 2020 2242 3506 Sei kühn in uns; wir folgen dir, dem Führer,
2227 2020 2307 3455 Wie Stachelbienen, die in Sommers Schwüle
2299 2028 2377 3291 Der Weiſel leitet durch die Blumenflur!
2315 349 2393 1080 Was giebts, Aemilius?
2369 373 2464 3357 Aeim. Bewaffnet euch! Nie hatte Rom mehr Urſach. Gerächt ſei an Tamora, der Verfluchten!
2440 284 2551 3781 Die Gothen ſchaarten ſich. Mit einer Sreitmacht Die Gothen. Und wie er ſprach, ſo ſprechen
2512 2499 2578 2773 hier Alle.
2527 334 2599 1710 Tollkühner, raubgewohnter Mannen ziehn ſie
2594 335 2666 1695 Zu uns heran, und Luius, Sohn des alten
2661 335 2740 1700 Ehmahl'gen Feldherrn Andronicus, führt ſie,
2736 340 2808 1514 Und droht im Laufe ſeiner Rache mehr
2549 2012 2655 3737 Luc. Jch dno is oemuth ihm, und dank euch Allen
2640 2013 2728 3683 Doch wer kommt hier, geführt von muntrem Gothen.
2722 2011 2794 3738 (Ein Gothe tritt mit Aaron auf, der ſein Kind im Arm
2784 2044 2846 2352 trägt.)
