3742 6126
295 366 365 519 658
278 1836 399 2286 Hamlet,
430 399 524 2070 Haml. Euch meine Lieb', als eure mir - fahrt wohl
497 1007 555 2064 (Alle, außer Hamlet, gehen ab.)
565 406 641 2080 Haml. (allein.) In Waffen meines Vaters Geiſt?
638 784 705 1123 Nicht wohl
704 337 781 2079 Steht Alles. Falſches Spiel ahnt mir. Wär's Nacht doch!
776 344 850 1805 Bis dahin ſtill, Herz! Böſes Thun wird kund,
845 338 923 2062 Läg's auch verſteckt in Erdballs tiefſtem Schlund! (ab.)
981 872 1056 1551 Dritter Auftritt.
1082 628 1159 1797 Gemach im Hauſe des Oberkämmerers.
1181 637 1238 1787 (Laertes und Ophelia treten auf.)
1265 412 1343 1962 Laert. Mein Reiſezeug iſt eingeſchifft; lebwohl
1336 346 1409 1802 Und, Schweſter, wenn die Winde günſtig ſind,
1407 345 1482 1804 Uund Schiffsgelegenheit ſich beut, ſo ſchlaf nicht,
1476 363 1549 1047 Laß von dir hören. -
1548 444 1616 615 Oph.
1543 1060 1615 1654 Zweifelſt du daran?
1613 409 1689 2012 Laert. Was Hamlet und ſein Liebeln mag betreffen,
1681 345 1760 1803 So halts für Mod' und Spielwerk im Geblüt;
1752 343 1828 1831 Für'n Veilchen in der Frühlingszeit der Jugend,
1821 339 1903 1980 Vorzeitig, doch nicht bleibend; hold, nicht dauernd;
1891 344 1968 1649 Für Duſt und Nahrung eines Augenblicks;
1963 364 2035 906 Für nichts mehr.
2030 416 2106 1611 Oph. Für nichts mehr, als das?
2097 1536 2177 2054 Für nichts mehr;
2105 436 2162 655 Laert.
2169 339 2244 1863 Denn die Natur im Wachſen nimmt nicht zu bloß
2241 343 2313 1672 An Sehnenkraft und Umfang: ſo wie dieſer
2307 342 2382 1717 Tempel heranwächſ't, dehnt der innre Dienſt
2378 336 2452 1875 Der Seel' und des Gemüths ſich auch. Vielleicht
2450 337 2524 1871 Liebt er dich jetzt; nicht Lug, noch Trug beſudelt
2518 337 2593 1803 Jetzt ihm des Willens Reinheit: dennoch fürchte
2590 340 2662 1700 Von ſeiner Hoheit Laſt! Nicht eigen iſt ihm
2657 335 2732 1942 Sein Will'; er ſelbſt hängt ab von ſeinem Stande.
2727 340 2800 1609 Nicht für ſich ſelber wählen darf er, wie
2797 341 2874 1562 Unſtandesmäß'ge; denn auf ſeiner Wahl
2866 337 2939 1644 Beruhen Wohl und Sicherheit des Staats,
2937 339 3014 1639 Und darum muß er ſeine Wahl beſchränken
3005 335 3079 1799 Nach Stimm' und Aufgebot von jenem Rumpf,
3074 329 3152 2040 Deß Haupt er iſt. Dann, wenn er ſagt, er liebt dich,
3147 335 3221 1795 Ziemt's deiner Klugheit, ſofern nur zu glauben,
3217 337 3291 1650 Als er bei freiem Thun in ſeiner Stellung
3283 329 3361 2028 Sein Wort wahrmachen kann; das heißt, nicht weiter,
3354 337 3429 1607 Als Dänmarks allgemeine Stimme reicht.
3427 336 3497 1602 Dann denke des Verluſts an deiner Ehre,
3491 336 3573 1749 Wenn ſeinem Sang zu gläubig Ohr du leihſt:
3563 335 3639 1664 Du büßeſt dann dein Herz ein, oder öffneſt
3634 333 3710 1751 Der Keuſchheit Schatz vor üpp'gem Ungeſtüm.
3702 329 3780 1865 Fürcht es, Ophelia, fürcht es, theure Schweſter,
3775 337 3849 1612 Und halte dich zurück mit deiner Neigung,
3843 336 3917 1573 Und außer dem Gefahrſchuß der Begier.
3913 331 3988 1787 Verſchwendriſch gnug ſchon iſt die keuſche Maid,
3983 329 4056 1822 Wenn ihre Schönheit ſie dem Mond' entſchleiert:
4050 328 4138 1887 Selbſt Tugend kann der Schmähung nicht entgehn;
4123 326 4199 1861 Der Wurm frißt ſelbſt an Lenzes zartſten Kindern,
4191 335 4269 1519 Oft eh' ſie ihre Kelche noch erſchloſſen;
4260 328 4339 1794 Und für die Pflanz' im Morgenthau der Jugend
4331 334 4405 1499 Iſt gift'ger Anhauch am gefährlichſten.
4402 327 4476 1812 Behutſam drum! Furcht ſei dir beſte Freundin!
4471 328 4546 1725 Jugend iſt feind ſich ſelbſt, ohn' alle Feindin.
4539 396 4615 1948 Oph. Den Eindruck dieſer guten Lehre wahr' ich
4607 322 4686 1950 Als Wächtrin meines Herzens. Doch, mein Bruder,
4679 324 4756 1818 Thu nicht, wie manch' unwürd'ge Prieſter thun;
4748 325 4825 1850 Zeig nicht den ſteilen Dornweg mir zum Himmel,
4819 327 4894 1676 Indeß du ſelbſt, als ſorglos ſtolzer Lüſtling,
4889 325 4963 1782 Den Blumenpfad der Buhlſchaft wandelſt, und
4959 334 5033 1318 Dem eignen Rath nicht folgſt.
5025 1267 5104 1861 Für mich ſei ruhig.
5029 420 5085 643 Laert.
5095 324 5170 1721 Zu lange weil' ich - doch der Vater kommt.
5182 820 5237 1555 (Polonius tritt auf.)
5254 394 5330 1799 Laert. Ein Doppelſegen iſt ein Doppeltheil.
5322 327 5397 1613 Gelegenheit beut lächelnd zweiten Abſchied.
5392 388 5471 2061 Pol. Noch hier, Laertes? Ei, zu Schiff! zu Schiff!
5460 323 5541 1723 Der Wind bläſ't in die Weichen eurer Segel;
5530 321 5608 1980 Auch harrt man dein. Nimm meinen Segen mit dir,
5596 579 5663 1794 (Er legt ſeine Hand auf des Sohnes Haupt.)
