3816 6125
309 1450 407 2650 Viel Lärm um Nichts.
469 314 560 2064 mit ihr mein Vermdgen. Des Prinzen Hoheit hat die
552 314 629 2065 Heirath geſtiftet, und die höchſte Hoheit ſage Amen dazu.
622 394 700 1879 Beat. Redet, Graf; die Reihe iſt an euch.
690 389 768 2063 Claud. Das Schweigen iſt der vollkommenſie Herold
760 318 839 2064 der Freude. Ich würde nicht erheblich glücklich ſein, wenn
829 315 909 2065 ich ſagen könnte, wie ſehr ich es bin. Signora, ſo wie
901 317 979 2064 ihr die Meinige ſeid, bin ich der Eurige. Ich gebe mich
968 316 1047 2065 ſelbſt für euch hin, und bin entzückt über den Austauſch.
1040 392 1117 2064 Beat. Sprich, Baſe; oder wenn du das nicht kannſt,
1109 318 1188 2067 ſo ſtopf ihm den Mund mit einem Kuß, und laß ihn ſo
1181 354 1252 730 wenig reden.
1249 393 1326 2065 Don Pedro. In der That, Signora, ihr habt ein
1316 351 1394 875 fröhliches Herz.
1386 390 1462 2064 Beat. Nun ja, Hoheit. Ich dank' ihm dafür, dem
1455 321 1531 2069 armen Närrchen, es hält ſich nach der Windſeite der
1526 321 1605 2066 Sorge zu auf. - Seht, meine Baſe ſagt's ihm ins Ohr,
1596 343 1670 1164 daß er in ihrem Herzen iſt.
1663 409 1739 1455 Claud. Das thut ſie, Bäschen.
1735 396 1811 2069 Beat. Guter Gott, ein Brautpaar! So geht es
1802 323 1880 2072 Allen in der Welt außer mir; und ich bin ſonnverbrannt
1872 323 1948 2072 und muß in einem Winkel ſitzen, und Holla nach einem
1938 356 2013 830 Gatten ſchreien.
2010 393 2088 2070 Don Pedro. Signora Beatrice, ich will euch einen
2079 356 2154 676 verſchaffen.
2145 392 2223 2070 Beat. Ich möchte lieber einen von eures Vaters
2220 324 2294 2070 Erzeugnis. Hat euer Hoheit nicht etwa einen Bruder,
2287 328 2364 2075 der euch gleicht? Euer Vater erzeugte treffliche Ehemän-
2356 329 2431 1863 ner, wenn ein Mädchen ſie nur bekommen könnte.
2428 395 2504 1931 Don Pedro. Wollt ihr mich haben, Signora?
2497 394 2572 2074 Beat. Nein, hoher Herr, ich müßte denn einen zwei-
2565 328 2643 2072 ten Mann für die Wecktage haben. Euer Hoheit iſt zu
2634 325 2713 2071 koſtbar , um tagtäglich getragen zu werden. Doch ich
2704 325 2783 2072 bitte euch, Prinz, verzeihet mir; ich ward geboren eitel
2773 331 2849 1683 Luſtiges, aber nichts Geſcheidtes zu ſprechen.
2844 392 2919 2072 Don Pedro. Euer Schweigen thut mir am meiſten
2913 322 2991 2076 weh, und luſtig zu ſein, ſteht euch am Beſten; denn es
2980 325 3060 2075 iſt außer Frage, daß ihr in einer heiteren Stunde gebo-
3052 357 3110 706 ren wurdet.
3119 395 3197 2077 Beat. Zuverläſſig nicht, Hoheit; meine Mutter
3189 326 3266 2077 weinte; aber es tanzte damahls ein Stern, und unter
3257 329 3337 2074 dem ward ich geboren. - Vetter, Baſe - Gott ſchenk
3328 360 3402 730 euch Freude!
3395 394 3474 2074 Leon. Nichte, willſt du nach dem ſehen, wovon ich
3467 311 3540 656 dir ſagte?
3532 277 3614 2077 Beat. Ich bitte um Verzeihung, Oheim. - Mit
3606 303 3678 1048 euer Hoheit Erlaubnis.
3627 1869 3680 1989 (ab.)
3672 277 3752 2078 Don Pedro. Meiner Treu, ein Frauenzimmer von
3745 306 3819 934 ſangenehmen Geiſte.
3813 278 3889 2077 Leon. Es iſt etwas von melancholiſchem Elemente in
3882 278 3960 2077 ihr, hoher Herr. Sie iſt nie traurig, außer wenn ſie
3950 280 4032 2076 ſchläft, und auch dann nicht immer; denn ich habe meine
4160 280 4239 2075 Don Pedro. Sie kann es nicht ertragen, wenn man
4229 299 4306 1269 ihr von einem Gemahl ſpricht.
4299 281 4378 2080 Leon. Durchaus nicht. Sie ſpottet alle ihre Bewer-
4365 302 4446 1170 ber aus Reih' und Glied.
4433 281 4515 2079 Don Pedro. Sie würde eine treffiiche Gattin für
4500 310 4582 775 Benedict ſein.
