3779 6189
345 309 417 452 178
322 1434 425 2559 Verlorne Liebesmühe.
497 327 576 2001 Boyet. Ins Schwarz' - o merkt's! Ins Schwarze!
564 742 641 1447 Das kitzelte ſie höchlich.
630 261 711 1970 Steckt einen Stift hinein und meßt es aus wo möglich.
705 336 782 2004 Mar. Weit ab! O, weit gefehlt! Ihr zielt wahrhaf-
775 758 852 1091 tig ſchlecht.
842 330 925 2007 Plump. Ja, grad aus muß er ſchießen, ſonſt trifft
913 751 987 1246 er nimmer recht.
983 330 1061 2007 Boyet. Hab' ich das Ziel verfehlt, ſteckt ihr wohl
1054 750 1114 1225 mitten drinnen?
1123 328 1200 2010 Plump. Sie ſpaltet dann den Stift und wir den
1194 750 1267 1233 Preis gewinnen.
1260 333 1336 2010 Mar. Beſudelt nicht den Mund euch. Sprecht nicht
1331 747 1406 1468 ſo frech, habt Acht!
1397 329 1478 2013 Plump. Für'n Stift iſt ſie zu ſpröd' euch, auf Ku-
1472 752 1546 1263 geln ſeid bedacht.
1537 334 1615 2012 Boyet. Ich fürchte mich vor Reibung. Du Eul-
1608 751 1685 1301 chen, gute Nacht
1674 989 1733 1895 (Bonet und Maria gehen ab.)
1746 334 1823 2012 Plump. Mein Sir, ein grober Kerl, ein Bauern-
1818 751 1891 1318 klotz, ein Lümmel!
1881 265 1959 2011 Wie wiſchten ihn die Damen, wie ich ihn an - o Himmel!
1953 267 2032 2008 Wahrhaftig, leckre Späßchen, durchtriebner Pöbelwitz
2024 268 2101 2013 Recht fließend, glatt und ſchlüpfrig und paſſend - ei,
2099 756 2173 1136 potz Blitz!
2160 272 2235 1839 Und einerſeits Armado - ein allerliebſter Schächer,
2227 268 2309 2013 Geht vor der Dam' er her und trägt ihr ihren Fächer;
2300 272 2377 1940 Zu ſehen, wie er ſchwört und ihr das Händchen küßt!
2371 269 2451 2010 Und andrerſeits ſein Page, der'n Stück von Witzbold iſt.
2440 274 2516 1821 O Himmel! was iſt das für'n pathetiſches Geniſt!
2512 265 2586 2016 (Man hört von außen ſchießen). Holla! Holla! (Er läuft ab.)
2645 798 2723 1491 Zweiter Auftritt.
2743 688 2823 1591 Ein anderer Theil des Parks.
2835 396 2906 1888 (Holofernes, Nathanael und Toll treten auf.)
2920 337 3011 2014 Nath. Höchſt ehrenwerthes Waidwerk, fürwahr; und
2991 272 3075 1830 betrieben unter dem Zeugnis eines guten Gewiſſens.
3062 339 3144 2013 Hol. Das Reh war, wie ihr wiſſet, in sanguis, in
3129 268 3217 2018 Blut; reif wie ein Paradiesapfel, der zuerſt wie ein Ju-
3200 269 3284 2015 wel im Ohre des coeli, der Luftregion, des Firmamentes,
3268 271 3356 2017 des Himmels hängt, und dann wie ein Holzapfel nieder-
3337 271 3425 2017 fällt auf das Antlitz der terra, des Bodens, des Ackers,
3410 307 3468 589 der Erde.
3475 344 3564 2016 Nath. Richtig, Meiſter Holofernes; die Epitheta va-
3547 272 3626 2020 riiren allerliebſt, mindeſtens ſo gut, wie bei einem Ge-
3618 272 3701 2019 lehrten. Aber, Herr, ich verſichere euch, es war ein
3685 299 3760 932 fünfjähriger Rehbock.
3757 353 3831 1498 Hol. Herr Nathanael, haud credo.
3826 342 3909 2016 Toll. Es war kein haud credo, es war ein Spießhirſch.
3896 345 3977 2017 Hol. Barbariſche Intimation, dennoch eine Art von
3966 273 4048 2021 Inſinuation, gewiſſermaaßen in via, d. i. auf dem Wege
4036 273 4118 2020 der Explication facere oder gemacht; gleichſam eine re
4106 278 4187 2021 plicato, oder vielmehr ein ostentare, d. i. zur Schau
4176 278 4257 2020 tragen, und zwar ſeine Inclination - nach ſeiner unge-
4245 277 4327 2023 hobelten, unpolirten, unerzogenen, unbeſchnittenen, unge-
4315 275 4396 2022 bildeten, oder vielmehr ungelehrten, oder am vielmeiſten
4383 276 4466 2025 unhaltbaren Weiſe, um mein haud credo für einen Spieß-
4450 306 4526 831 hirſch auszugeben.
4522 347 4603 2021 Toll. Jch ſagte, der Rehbock wäre kein haud credo,
4594 298 4665 1159 ſondern er war ein Spießer.
4663 347 4741 2022 Hol. Zweifach geſottene Einfalt , bis coctus! O, du
4732 280 4807 2021 Ungeheuer von Unwiſſenheit, wie ungeſtaltet ſiehſt du aus!
4802 349 4883 2021 Nath. Herr, er hat ſich nie mit den Leckerbißlein ge-
4867 280 4953 2023 füttert, die da in Büchern bereitet ſind; er hat kein Pa-
4940 244 5026 2023 pier gefreſſen, hat gleichſam niemahls Dinte getrunken;
5009 244 5090 2024 ſeine Geiſteskraft iſt nicht ausgequollen; er iſt nur ein
5072 234 5165 1841 Thier, nur an ſeinen tolleren Theilen empfindlich;
5145 230 5246 2025 und ſolche dürre Pflanzen ſtehn vor uns, die wir Ge-
5219 759 5298 1570 ſchmack und Gefühl haben,
5255 243 5387 2025 Damit wir Gott danken, der mehr als ihm uns ſchenkte
5358 764 5441 1396 fruchtreichere Gaben
5386 231 5523 2026 Denn wär' ich eitel und vorlaut und närriſch, würd's
5497 769 5574 1260 übel mir ſtehen:
5525 229 5651 2024 So auch wär' es Pasquill auf Gelahrtheit, würd' ihn in
5640 760 5720 1439 der Schule man ſehen.
