3770 6129
323 312 391 462 278
304 1482 404 2459 Winter-Mährchen.
478 277 550 1637 Beſtiegen. Wenn auch während all der Zeit
545 276 622 1686 Dir unſer Dank geworden wär', mein Bruder,
613 280 689 1564 So würden wir für alle Folg'zeit doch als
684 276 758 1771 Dein Schuldner ſcheiden. Drum gleich einer Null
752 285 826 1392 Am Geltungsort, multiplizir ich dir
819 279 896 1656 Das eine „Dank dir,“ das vorausging, noch
894 301 966 834 Viel tauſendmahl.
959 881 1034 1716 Halt inne noch mit Danken,
965 375 1021 667 Leont.
1028 288 1102 1160 Und thu' es wenn du reiſeſt.
1094 1201 1169 1712 Morgen reiſ' ich.
1104 375 1170 529 Pol.
1164 273 1239 1889 Mich foltert Furcht ob dem, was, weil ich fern war,
1235 280 1309 1608 Sich zutrug und begab. Wenn nur daheim
1300 277 1378 1669 Kein ſcharfer Wind uns ſagen läßt: gegründet
1370 278 1461 1606 War unſre Furcht. Zudem blieb ich bis zur
1443 292 1516 1095 Ermüdung deiner hier.
1507 1026 1583 1473 Zu zäh' bin ich
1515 373 1571 596 Leont.
1578 299 1655 879 Für dein Ermüden.
1644 935 1721 1593 Länger weil ich nicht.
1653 376 1721 527 Pol.
1713 335 1788 1286 Leont. Acht Tage nur noch!
1781 1078 1862 1956 Nicht doch Morgen reiſ ich.
1792 374 1859 523 Pol.
1853 346 1930 1944 Leont. So theilen wir die Friſt des Bleibens, und
1925 295 1986 943 Nun keine Widerrede.
1989 984 2070 1827 Bitte, dräng mich nicht ſo.
1996 376 2065 531 Pol.
2056 280 2132 1488 Giebt's keine Zunge doch in dieſer Welt,
2128 280 2205 1522 Die mich ſo leicht bewegte wie die deine;
2197 270 2280 1880 Sie würd's auch jetzt, trieb Noth dich zu der Bitte,
2266 274 2344 1737 Wie nöthig mir auch Weigrung wär. Geſchäfte
2334 275 2411 1689 Begehren mein daheim; mich daran hindern,
2404 272 2479 1723 Hieß' mich aus Liebe geißeln. Bleib ich länger,
2473 272 2549 1704 Iſt's dir zu Laſt und Unruh; Beides meid' ich,
2543 294 2617 864 Und ſage Lebewohl.
2609 345 2687 1667 Leont. Stumm, Kön'gin? Sprecht doch.
2679 338 2757 1973 Herm. Zu ſchweigen dacht ich, Herr, bis ihr ihm
2747 747 2821 996 Schwüre
2817 279 2891 1536 Entlocktet, nicht zu bleiben. Viel zu kalt
2885 273 2962 1834 Beſtürmt ihr ihn. Sagt ihm, wie's kund euch iſt,
2956 272 3030 1658 Daß Alles wohl in Böhmen ſteht, daß geſtern
3027 276 3103 1576 Noch Kunde davon einlief; ſagt ihm's, und
3094 291 3168 909 Er ſchlägt Chamade.
3161 983 3238 1527 Recht, Hermione!
3166 365 3223 594 Leont.
3231 335 3311 1968 Herm. Zu ſagen, Sehnſucht nach dem Sohne trieb' ihn,
3301 271 3379 1602 Wär Etwas; ſag' er's denn und ziehe hin;
3370 272 3446 1661 Beſchwör' er's denn und ſäume nicht zu reiſen,
3440 275 3513 1529 Sonſt jagen wir ihn mit der Kunkel fort!
3508 261 3590 1970 (zu Polyrenes) So wag' ich denn, uns euer hohes
3578 747 3647 968 Hierſein
3637 276 3719 1521 Noch auf acht Tage zu erbitten. Kommt
3710 270 3789 1546 Nach Böhmen mein Gemahl einſt, geb' ich
3782 272 3857 1372 Ihm einen Monat länger Urlaub als
3850 263 3931 1822 Vorher beſtimmt ward. - Dennoch, mein Leontes,
3917 265 3999 1587 Lieb' ich um keinen Pendelſchlag dich minder
3988 266 4062 1545 Als je ein Weib den Mann - ihr bleibt?
4059 360 4127 509 Pol.
4065 1566 4141 1927 Mit nichten.
4104 335 4201 1610 Herm. Und dennoch, ja! Jhr bleibt -
4197 358 4265 513 Pol.
4199 1141 4279 1868 Ich kann fürwahr nicht!
4263 348 4338 1034 Herm. „Fürwahr!“
4332 254 4416 1826 Ihr weiſ't mich mit geſchmeid'gem Schwur ab; aber
4400 249 4483 1959 Ich - ſchwüret ihr die Stern' aus ihrer Bahn auch -
4470 250 4556 1953 Bleib doch dabei: „Ihr geht nicht, Herr!“ Fürwahr!
4539 252 4621 1797 Ihr ſollt nicht reiſen. Einer Frau „Fürwahr“ iſt
4607 251 4695 1887 Wie eines Manns „Fürwahr“ ſo mächtig. Wollt ihr
4675 255 4761 1706 Doch reiſen? Zwingen mich, euch als Gefangnen
4746 255 4827 1780 Und nicht als Gaſt zu halten? Strafgeld zahlt ihr
4816 246 4899 1958 Dann wann ihr reiſ't, und ſpart den Dank. Was meint ihr
4885 256 4966 1568 Gefangner oder Gaſt? Eins müßt ihr ſein,
4953 261 5032 1320 Bei eurem ſchaurigen „Fürwahr!“
5025 348 5092 503 Pol.
5030 1381 5102 1920 Nun, Gaſt denn!
5090 252 5180 1616 Gefangner euch, ſetzt ein Vergehn voraus,
5163 252 5240 1603 Und ein Vergehn an euch wär' ſchwerer mir,
5228 270 5304 929 Als euch das Strafen.
5299 853 5383 1668 Nicht euch Hütrin alſo,
5299 344 5367 565 Herm.
5365 240 5456 1816 Doch güt'ge Wirthin. Kommt nur; ich befrag euch
5436 247 5522 1647 Nach meines Herrn und euren Jugendſtreichen.
5505 256 5581 1099 Ihr wart wohl loſe Vögel?
5575 342 5642 494 Pol.
5582 1166 5661 1705 Freilich, Kön'gin.
