2458 3446
1072 631 1151 1716 D r i t t e s  K a p i t e l.
1254 861 1350 1496 -
1430 850 1526 2119 Wie heißt die Schuld, die nie geſtandne That,
1520 852 1589 1991 Die niemand kennt, die keine Buße ſühnt
1592 848 1659 2034 - - - - Feſt bleibt ein jeder Muskel
1662 852 1729 1961 An ſeiner Stelle, feſt, doch nicht erſtarrt;
1724 847 1794 2102 Kein ſchnell Erröthen und kein Lippenbeben. -
1810 1011 1904 2117 Die geheimnißvolle Mutter.
1935 339 2038 2150 Der Sarg hatte die Stelle verlaſſen, wo er erſt ſtand. Die
2045 186 2123 2319 eidtragenden waren der Reihe nach, wie es ihr Rang oder der
2131 199 2208 2151 Grad der Verwandtſchaft mit dem Verſtorbenen mit ſich brachte,
2217 193 2299 2152 aus der Hütte gegangen, während die jüngern männlichen Ge-
2300 193 2380 2155 ſchwiſter der Bahre ihres Bruders nachgeführt wurden, um mit
2389 199 2465 2154 Verwunderung eine Ceremonie zu betrachten, die ſie kaum begrei-
2473 191 2549 2151 fen konnten. Dann erhoben ſich zunächſt die weiblichen Verwand-
2559 189 2636 2154 ten und nahmen, in Betracht der Lage der Aeltern, die Mädchen
2644 193 2721 2156 der Familie mit, um dem unglücklichen Paare Zeit und Gelegenheit
2729 200 2807 2152 zu geben, ihre Herzen gegenſeitig aufzuſchließen und durch Mit-
2814 189 2892 2156 theilung ihren Gram zu mildern. Aber ihre freundliche Abſicht war
2902 196 2976 2151 ohne Nutzen. Kaum hatte die letzte Perſon die Hütte verlaſſen und
2982 191 3082 2153 die Thür leiſe hinter ſich zugemacht, als der Vater, nachdem er
