2518 3444
236 1238 296 1359 189
423 313 507 2348 laufen, und es heißt, ſie ſei von einer franzöſiſchen Flotte geiagt
518 357 576 632 worden.“
616 458 697 2258 „Die Search!““ ſagte Oldbuck, einen Augenblick nachſinnend
705 354 778 711 -„Oho!“
807 465 882 1962 „Ja, ja! Capitain Taffrils Brigg, die Search.“
902 456 992 2258 „Wie! iſt die verwandt mit: Search No.2.?“ ſagte Old-
986 314 1072 2264 buck, indem er den Lichtſtrahl aufſing, den der Name des Fahr
1077 325 1170 1899 zeuges auf die räthſelhafte Schatzkiſte zu werfen ſchien.
1180 454 1257 2417 Der Bettler hielt ſich, wie ein Menſch, den man auf einer
1267 318 1342 2265 Schelmerei ertappt, die Mütze vors Geſicht, konnte aber doch
1352 316 1428 2264 nicht umhin, herzlich zu lachen. „Jn Ihnen ſitzt der Teufel,
1438 317 1524 2266 Monkbarns, Sie kommen hinter Alles. Wer hätte gedacht, daß
1518 321 1599 2267 Sie das ſo zuſammenreimen würden! der Henker! ich habe mich
1610 356 1684 955 ſchön fangen laſſen.“
1682 461 1774 2267 „Ich ſehe alles ſo deutlich,“ ſagte Oldbuck, „wie die Um-
1777 323 1855 2271 ſchrift auf einer gut erhaltenen Münze. Der Kaſten, worin das
1867 321 1950 2343 Metall gefunden ward, gehörte zur Brigg und der Schatz kam von
1945 324 2027 2270 meinem Phönir?“ (Edie nickte bejahend.) „Und er ward dort ver-
2035 329 2114 2081 graben, um Sir Arthur in ſeiner Verlegenheit zu tröſten?“
2140 462 2217 2266 „Durch mich,“ ſagte Edie, ,,und zwei von den Seeleuten;
2227 332 2301 2274 dieſe wußten aber nicht, was darin war und glaubten nur, es ſei
2311 325 2388 2270 ein Bißchen Schmuggelwaare für den Capitain. Ich wachte Tag
2398 324 2473 2274 und Nacht, bis ich es in den rechten Händen ſah, und als dann der
2483 323 2559 2271 deutſche Teufel den Deckel der Kiſte ſo anſah, da gab es mir glaub'
2570 327 2645 2276 ich ein ſchottiſcher Teufel ein, ihm den Poſſen zu ſpielen. Nun ſehn
2654 325 2730 2276 Sie doch, ich durfte dem Richter Kleinhans nicht mehr und nicht
2740 324 2816 2279 weniger ſagen, wenn ich nicht die ganze Geſchichte verrathen wollte,
2827 324 2902 2270 und dann waren doch Unannehmlichkeiten für Lovel entſtanden.
2912 326 2987 2272 Drum dacht' ich, ich will lieber alles andere, als das kommen
2998 367 3072 594 laſſen.“
