2472 3409
290 1142 351 1272 134
484 360 562 2172 „Nun, wenn ich das Geheimniß beſäße,“ ſagte der Bettler,
570 219 646 2172 „ſo würde ich auf der Hälfte beſtehen; denn ſehen Sie, obwohl ich
655 220 735 2171 ein zerlumpter armer Kerl bin und Silber oder Gold nicht verkau-
740 217 815 2172 fen dürfte, aus Furcht, aufgehangen zu werden, ſo könnt ich doch
826 219 902 2172 Leute finden, die es mir mit beſſerm Profite abnähmen, als Sie es
912 252 985 782 im Sinne haben.“
1012 357 1088 2168 „Ach, Himmel! - mein guter Freund, was hab' ich denn ge-
1095 215 1178 2173 ſagt - ich wollte ſagen, Sie ſollten dreiviertel, ſtatt die Hälfte
1182 207 1258 1784 haben, und für mich wollt' ich nur das eine Viertel.“
1281 356 1359 2164 „Nein, nein, Mr. Doufterswivel, wir wollen gleich theilen,
1370 215 1444 2169 was wir finden, gleich, wie Brüder. Nun beſehn Sie den Deckel
1454 215 1529 2168 da, den ich aus dem Wege warf in den finſtern Winkel, während
1539 211 1613 2287 Monkbarns dort das Silber unterſuchte. Ich war froh, daß er
1624 210 1700 2270 dies nicht zu ſehen bekam. Er hat ein ſcharfes Auge. Sie werden
1705 211 1785 2167 die Schrift beſſer leſen können als ich - ich bin kein Bücherleſer,
1794 235 1884 1243 wenigſtens hab ich keine Uebung.“
1894 354 1971 2160 Mit dieſer beſcheidenen Erklärung ſeiner Unkunde, brachte
1981 209 2058 2163 Ochiltree hinter einem Pfeiler den Deckel des Silberkaſtens hervor,
2067 209 2143 2163 der, nachdem er abgelöſt worden, während der gierigen Unter-
2151 209 2229 2161 ſuchung deſſen, was er barg, nachläſſig bei Seite geworfen wor-
2236 208 2312 2162 den war, und den der Bettler ſodann, wie es ſchien, verſteckt hatte.
2322 208 2397 2165 Es ſtand ein Wort und eine Ziffer auf dem Brete, und der Bettler
2404 206 2483 2161 machte dies deutlicher, indem er auf ſein zerlumptes blaues Taſchen-
2490 205 2566 2161 tuch ſpuckte und damit den Staub, der die Inſchrift verdunkelte,
2575 210 2653 2034 abwiſchte. Sie war mit gewöhnlichen Buchſtaben geſchrieben.
2679 348 2755 2064 „Können Sie's herausbringen, ſagte Edie zum Adepten.
2780 344 2855 2160 „S,“ ſagte der Philoſoph, indem er wie ein Kind in der
2862 193 2950 2185 Schule buchſtabirte; „S, T, A, R, C, H, - Starch - das
2948 203 3027 2157 iſt, was die Waſchweiber zu Halstüchern und Hemdkragen
3034 243 3105 559 brauchen.“
