2173 3401
210 264 272 590 330
225 871 274 1283 LETTERS ON
341 230 429 1918 charge. It appears that the Major, with a maid-
420 228 508 1919 en sister who had kept his house, was subject to
500 227 589 1917 fits of melancholic lunacy, an infirmity easily re-
580 228 666 1918 concilable with the formal pretences which he
660 227 746 1918 made to a high show of religious zeal. He was
738 225 826 1916 peculiar. in his gift of prayer, and as was the cus-
819 226 903 1922 tom of the period, was often  called to exercise
896 227 985 1920 this talent by the bedside of sick persons, until it
978 226 1064 1922 came to be observed, that, by some association,
1058 224 1144 1916 which it is more easy to conceive than to explain,
1135 226 1223 1919 he could not pray with the same warmth and
1215 221 1304 1922 fluency of expression, unless when he had in his
1296 223 1382 1924 hand a stick of peculiar shape and appearance,
1376 225 1460 1910 which he generally walked with. It was noticed,
1455 226 1532 1916 in short, that when this stick was taken from him,
1533 225 1622 1920 his wit and talent appeared to forsake him. This
1613 229 1701 1921 Major Weir was seized by the magistrates on a
1692 229 1780 1921 strange whisper that became current respecting
1773 227 1859 1918 vile practices, which he seems to have admitted
1852 230 1931 1919 without, either shame or contrition. The dis-
1932 225 2018 2011 gusting profligacies which he confessed, were of
2012 231 2098 1918 such a character, that it maybe charitably hoped
2092 229 2178 1917 most of them were the fruits of a depraved
2170 229 2259 1917 imagination, though he appears to have been in
2250 227 2338 1919 many respects a wicked and criminal hypocrite.
2330 231 2416 1919 When he had completed his confession, he avow-
2409 229 2497 1918 ed solemnly that he had not confessed the hun-
2489 230 2575 1921 dredth part of the crimes which he had committed.
2567 230 2653 1920 From this time he would answer no interroga-
2648 228 2734 1920 tory, nor wonld he have recourse to prayer, ar-
2728 228 2811 1920 guing, that as he had no hope whatever of esca-
2806 227 2892 1920 ping Satan, there was no need of incensing him by
2887 227 2970 1920 vain efforts at repentance. His witchcraft seems
2964 227 3054 1918 to have been taken for granted on his own confes-
228 282 289 408 212
243 880 289 1306 LETTERS ON
353 245 437 1940 chiefly current in France, but was known in other
435 243 519 1959 Countries, and is the subject of great debate be-
513 239 593 1935 tween Wier, Nande, Scot, on the one hand, and
592 236 684 1962 their demonological adversaries on the other. The
671 237 761 1937 idea, said the one party, was, that a human being
749 234 841 1960 had the power, by sorcery, of transforming himself
830 232 920 1960 into the shape of a wolf, and in that capacity, being
911 234 1002 1962 seized with a species of fury, he rushed out, and
990 231 1080 1958 made havoc among the flocks, slaying and was-
1068 230 1158 1958 ting, like the animal whom he represented, far
1148 228 1239 1960 more than he could devour. The more incredu-
1227 225 1316 1956 lous reasoners would not allow of a real transfor-
1310 225 1387 1962 mation, whether with or without the enchanted
1389 225 1480 1957 hide of a wolf, which in some cases was supposed
1470 226 1558 1925 to aid the metamorphosis, and contended that ly-
1550 225 1640 1954 canthropy only subsisted as a woful species of dis-
1630 223 1719 1955 ease, a melancholy state of mind, broken with ooca
1710 223 1800 1954 sional fits of insanity, in which the patient ima-
1789 223 1878 1955 gined that he committed the ravages of which he
1869 220 1958 1953 was accused.  Such a person, a mere youth, was
1949 220 2038 1946 tried at Besançon, who gave himself out for a ser-
2029 219 2118 1951 vant, or yeoman pricker, of the Lord of the Forest,
2107 213 2197 1949 so he called his superior, who was judged to be the
2188 208 2277 2058 devil. He was, by his master's power, transform-.
2267 213 2356 1953 ed into the likeness, and performed the usual func-
2347 215 2437 1949 tions, of a wolf, and was attended in his course
2427 215 2519 1951 by one larger, which he supposed the Lord of
2506 215 2595 1949 the Forest himself. These wolves, he said, rava-
2585 213 2695 1938 ged the flocks, and throttled the dogs which stood
2667 214 2745 1916 in their defence. If either had not seen the other,
2745 213 2835 1941 he howled, after the manner of the animal, to call
2824 214 2916 1914 his comrade to his share of the prey; if he did not
2903 214 2996 1948 come upon this signal, he proceeded to bury it the
2988 233 3079 1009 best way he could.
238 299 303 423 224
249 902 300 1317 LETTERS ON
355 310 445 1953 frighful increase of the Prosecutions - Suddenly put a
437 329 512 1786 top to - The Penitence of those concerned in them.
611 291 701 1949 OUR account of Demonology in England must
692 259 780 1951 naturally, as in every other country, depend
770 211 860 1960 chiefly on the instances which history contains of
852 257 938 1952 the laws and prosecutions against witchcraft.
929 262 1019 1950 Other superstitions arose and decayed, were
1009 249 1099 1952 dreaded or despised, without greater embarrass-
1089 254 1179 1950 ment, in the provinces in which they have a tem-
1169 252 1258 1950 porary currency, than that cowards and children
1249 256 1337 1959 go out more seldom at night, while the reports of
1328 251 1418 2156 ghosts and fairies are peculiarly current. But
1407 253 1496 1952 when the alarm of witchcraft arises, Superstition
1487 256 1577 1952 dips her hand in the blood of the persons accused,
1567 246 1656 1954 and records in the annals of jurisprudenece their
1646 254 1736 1960 trials, and the canses alleged in vindication of
1726 256 1815 1951 their execution. Respecting other fantastic alle-
1807 183 1896 1949 gations, the proof is necessarily transient and
1884 255 1975 1949 doubtful, depending upon the inaccurate testi-
1964 250 2053 1950 mony of vague report and of doting tradition.
2044 210 2135 2155 But in cases of witchcraft, we have before us the
2124 250 2214 1948 recorded evidence upon which judge and jury act-
2202 248 2293 1958 ed, and can form an opinion with some degree of
2281 251 2372 1950 certainty of the grounds, real or fanciful, on which
2345 243 2463 2168 they acquitted or condemned. It is, therefore, in
2441 246 2532 2109 tracing this part of Demonology, with its accom-
2521 241 2610 2158 panying circumstances, that we have the best chance
2601 252 2691 1815 of obtaining an accurate view of our subject.
2680 251 2771 1947 The existence of witchcraft was, no doubt, re-
2759 246 2852 1947 ceived and credited in England, as in the coun-
2838 243 2932 1947 tries on the continent, and originally punished
2919 245 3010 1947 accordingly. But after the fourteenth century,
2994 245 3091 1945 the practices which fell under such a description
