2034 3040
101 962 161 1071 94
185 142 276 1851 in dem Gebiete erwartet worden war, wo ſein Herr für
274 147 350 1853 einen Rebellen und Banditen galt, und wo er ſelbſt von
345 142 424 1866 den meiſten der anweſenden Bauern erkannt werden mußte.
416 144 489 1849 Der Vorfall machte einen erſichtlichen Eindruck auf die
487 145 564 1850 engländiſchen Ritter. Sir John de Walton blickte ernſt
558 142 637 1846 und gedankenvoll, befahl den Jägern ſich auf der Stelle zu
629 143 708 1849 verſammeln, und gebot ſeinen Kriegsknechten eine ſtrenge
702 143 780 1849 Unterſuchung unter denen anzuſtellen, die der Jagd bei-
771 144 850 1845 gewohnt hatten, um zu entdecken, ob Turnbull einige Ge-
845 146 919 1846 fährten unter denſelben haben möchte; jedoch es war ſchon
914 142 996 1847 zu ſpät, dieſe Nachforſchung in dem Maße zu betreiben, in
987 153 1063 1310 welchem de Walton ſie anbefohlen hatte.
1055 248 1134 1846 Als die ſchottiſchen Geleitsmänner ſahen, daß die Jagd,
1128 138 1206 1848 unter deren Vorwande ſie zuſammen berufen worden waren,
1199 141 1274 1847 in der Abſicht unterbrochen ward, Hand an Einen aus
1271 138 1349 1848 ihrer Mitte zu legen, und ihre Perſonen einer Unterſuchung
1341 142 1422 1848 zu unterwerfen, trugen ſie Sorge, ihre Antworten nach den
1413 139 1491 1843 ihnen vorgelegten Fragen ſo einzurichten, daß ſie ihr Ge-
1484 143 1563 1850 heimniß, wenn ein ſolches unter ihnen Statt fand, wohl
1555 139 1632 1850 bewahrten. Viele von ihnen, im Bewußtſeyn, daß ſie den
1626 140 1702 1846 ſchwächeren Theil bildeten, fürchteten ſich vor böſem Spiele,
1697 140 1776 1890 entwiſchten von dem Orte, an welchen man ſie poſtirt hatte
1769 133 1846 2010 und verließen die Jagd als Männer, die einſahen, daß man
1838 132 1931 2010 fie nicht in friedlicher Abſcht hergerufen hatte. Sir John
1913 132 1988 2010 de Walton gewahrte die ſich mindernde Zahl der Schotten;
1981 133 2060 2010 und ihr allmäliges Verſchwinden erweckte von neuem in
2055 137 2132 1848 dem engländiſchen Ritter jenen Grad von Argwohn, durch
2126 144 2205 1526 den er ſich zeither beſonders ausgezeichnet hatte.
2196 249 2277 1851 „Ich bitte Dich,“ ſprach er zu dem Ritter Aimar von
2235 140 2350 1851 Valence, „nimm ſo viel geharniſchte zu Dir, als Du in
2338 136 2417 1853 Zeit von fünf Minuten zuſammen bringen kannſt, geſelle
2411 135 2489 1849 dazu wenigſtens hundert berittene Bogenſchützen und reite
2479 138 2560 1851 in möglichſter Eile und ohne zu geſtatten, daß ein einziger
2547 140 2631 1851 Mann ſich von Deinem Truppe entferne, zum Schloß Dou-
2614 136 2704 1846 glas, um die Beſatzung daſelbſt zu verſtärken; denn ich
2684 138 2774 1847 habe meine eigenen Gedanken über das, was man gegen
2757 135 2846 1846 das Schloß unternehmen möchte, wenn wir hier mit eigenen
110 971 184 1075 241
207 168 306 1876 dern, denen ſie begegneten, und die, wie es ſich aus den
299 169 376 1876 grünen Zweigen, welche ſie trugen, ergab, zur Kirche wall-
371 166 448 1877 fahrteten, um der Feier des Tages beizuwohnen. Jedem
441 165 518 1874 dieſer Wanderer legte der Bogenſchütz die Frage vor, wo
512 165 590 1873 der Ort zu finden wäre, der „die blutige Furth“ hieß;
584 168 659 1877 allein Alle ſchienen entweder nichts davon zu wiſſen, oder
654 164 735 1875 der Frage ausweichen zu wollen, wozu ſie Veranlaſſung
727 165 801 1876 von des muntern Schützen Frageweiſe hernahmen, die al-
788 163 876 2002 lerdings ziemlich nach dem geiſtollen Frühſtück ſchmeckte.
865 165 943 1876 Im Allgemeinen ſielen die Antworten dahin aus, daß man
938 167 1017 1878 folchen Ort nicht kennte, oder daß man am heiligen Früh-
1009 167 1087 1878 morgen andere Dinge wahrzunehmen hätte, als ſo abge-
1081 165 1159 1876 ſchmackten Fragen Rede zu ſtehen. Als endlich zu etlichen
1151 119 1229 1877 Malen die Antwort der Schotten faſt der Tücke nahe kam,
1222 118 1295 1877 bemerkte der Minſtrel es, und äußerte, daß immer ein Un-
1294 164 1372 1873 heil im Hinterhalt läge, wenn das Volk dieſes Landes
1366 138 1443 1877 keine höfliche Antwort für ihre Obern oder Vorgeſetzten
1438 122 1513 1875 ſinden könnte, welches eine ihnen eigenthümliche Art wäre,
1508 162 1587 1873 und daß es ſchiene, als zögen ſie in allzu großer Maſſe zum
1579 185 1654 1107 Gottesdienſt am Palmſonntage.
1651 277 1727 1870 „Sonder Zweifel, Herr Schütz,“  fuhr der Minneſänger
1722 161 1799 1873 fort, „werdet Ihr darüber Bericht an Euren Ritter abge-
1793 163 1871 1872 ben; denn ich verſichere Euch, daß wenn Ihr es nicht thut,
1863 162 1939 1873 ich ſelbſt, da meiner Herrin Sicherheit darin verwickelt iſt,
1933 164 2009 1873 es für meine Pflicht erachte, dem Sir John de Walton die
2005 163 2083 1872 Umſtände kund zu machen, die mir Verdacht gegen dieſen
2077 163 2151 1874 außerordentlichen Zuſammenfluß von ſchottiſchen Männern
2147 162 2227 1874 und gegen die Störrigkeit, die ſie ſtatt ihres ſonſtigen höf-
2220 172 2302 1500 lichen Weſens angenomnen haben, erwecken.“
2291 194 2369 1871 „Still, Sir Minſtrel,“ verſetzte der Bogenſchütz, dem
2363 161 2440 1874 die Einmiſchung Bertrams mißfiel, „glaubt mir, daß ſchon
2434 161 2513 1871 Kriegsheere von meinem Bericht an den Feldherrn abhän-
2504 165 2583 1870 gig waren; denn dieſer Bericht gab ſich klar und durch-
2575 162 2654 1866 ſchaulich, wie es die Pflicht des Dienſtes mit ſich bringt.
2647 163 2726 1900 Euer Erdenwallen, mein würdiger Freund, geſchah in ei-
2718 159 2796 1872 nem ganz andern Gebiete, in welchem Friedensangelegen-
2790 160 2873 1869 heiten, alte Lieder, Prophezeihungen und dergleichen zu
62 926 127 1037 263
163 251 244 1834 So ſprach ber ſinſtere Alte, indem er die Blicke von
235 162 316 1838 bem blutigen Leichnam abwendete, der ein Bild der Schön-
309 162 391 1834 heit und Stärke zu ſeinen Füßen lag. Als er nun noch
379 161 459 1839 einmal hingeblickt hatte, wendete er ſich und ſtellte ſich ſo,
451 157 527 1840 daß er nach beſtem Ermeſſen das Fräulein von Berkely
522 157 601 1842 beſchützen möchte, ohne wieder den Leichnam ſeines Sohnes
598 188 676 558 zu betrachten.
665 254 745 1840 In dieſer Zwiſchenzeit danerte der Kampf ohne irgend
737 155 812 1846 ein Aufhören von einer oder anderer Seite und ohne ent-
808 149 887 1986 ſchiedenen Vortheil fort. Endlich ſchien jedoch das Geſchick
880 147 958 1988 ſich in's Mittel zu legen: Der Ritter von Fleming, der
951 148 1029 1850 keck vorgedrungen und durch Zufall dem Fräulein Marga-
1023 147 1101 1850 rethe von Hautlieu ganz nahe gekommen war, verfehlte
1094 149 1173 1846 ſeinen Hieb, indem fein Fuß in dem Blute des jungen
1164 145 1242 1848 Opfers Dickſon dergeſtalt ausglitt, daß er vor ſeinem Geg-
1236 143 1313 1847 ner hinfiel und in furchtbarer Gefahr ſchwebte, ſich demſel-
1309 143 1384 1850 ben auf Gnade und Ungnade ergeben zu müſſen, als Mar-
1379 140 1459 1847 garethe de Hautlieu, die den Geiſt eines Kriegers erbte,
1451 138 1529 1847 und überdies ein ſtarkes und furchtloſes Frauenzimmer
1521 137 1602 1850 war, eine nicht allzuſchwere Keule am Boden liegen ſah,
1593 137 1671 1847 wohin der geſunkene Dickſon ſie hatte fallen laſſen, und
1664 134 1742 1850 mit dieſer den Schwertſtreich Aimar's von Valenee auf-
1737 132 1814 1848 fing, ſo daß derſelbe diesmal den Sieg verfehlen mußte.
1807 133 1890 1850 Fleming ſäumte nicht, einen ſo unerwarteten Vorfall zu
1879 129 1958 1858 benutzen, ſtatt ſich die Art und Weiſe zu erläutern, auf
1951 129 2026 1854 welche ihm derſelbe ſich ſo ſonderbar bot. Raſch nahm' er
2022 126 2100 1853 den ihm gewordenen Vortheil wahr, und ſtellte ſeinem
2093 124 2171 1853 Gegner dergeſtalt ein Bein, daß dieſer auf das Steinpflaſter
2163 124 2245 1855 ſturzte, während die Stimme ſeines Beſiegers, wenn Fle-
2236 121 2314 1853 ming anders ſo genannt werden darf, durch die Kirche in
2308 117 2389 1857 den verhängnißvollen Worten erſcholl: „Ergieb Dich Ai-
2380 115 2458 1851 mar von Valence - Gnad' oder Ungnad' - ergieb Dich!
2451 117 2528 1852 ergieb Dich!“ rief er, und hielt ſein Schwert an die Gur-
2523 117 2602 1854 gel des Gefallenen, indem er hinzu ſetzte - „nicht mir,
2595 116 2670 1794 ſondern dieſer edlen Dame hier - Gnad' oder Ungnad!“
2667 239 2746 1850 Mit ſchwerem Herzen bemerkte der engländiſche Ritter,
2737 109 2819 1850 daß er eine ſo günſtige Gelegenheit, Ruhm zu erringen,
2811 1376 2871 1490 18*
