2132 3084
215 781 314 1168 - 9 -
381 174 457 1745 mit Bitten um Mitleiden, oder mit Geſchrei des
467 174 549 1745 Entſetzens oder der Angſt empſing.“ Er wendete
559 169 637 1824 das Angeſicht gegen die Wand, und erwartete mit
648 170 726 1747 der höchſten Geiſtesanſtrengung den Tod, dem er
735 191 816 872 ſich ganz nahe wähnte.
791 318 905 1741 Seine erſten Empſindungen waren zu überwäl-
913 170 992 1746 tigend geweſen. Die Gefahr war zu dringend und
1001 127 1078 1877 von zu ſcheuslicher Art, als daß er hätte ſogleich zu
1092 150 1169 1841 einer ruhigen Betrachtung ſeiner mißlichen Lage ge-
1177 169 1256 1746 langen können; ſo daß alle deutlicheren Erwägungen
1264 168 1343 1745 von dem einen umfaſſenden Gedanken an augen-
1355 164 1432 1746 blicklichen Tod verſchlungen wurden. Allein als ſeine
1444 167 1521 1746 Begriffe ſich ſonderten, fuhr ihm der Gedanke an
1534 166 1611 1746 ſeine Gattin durch die Seele. Was mogte ſie Ietzt
1622 165 1698 1820 leiden! und was mogte, während er einer ſo außer-
1708 167 1787 1744 ordentlichen Prüfung unterworfen ward, ihrem ſchwä-
1800 103 1875 1748 cheren und weiblichen Muthe vorbehalten worden
1889 165 1967 1748 ſeyn? Befand ſie ſich noch wenige Schritte weit
1975 166 2054 1746 von ihm, wie es der Fall war, als ſie ſich Abends
2064 168 2144 1744 vorher ſchlafen legten? Oder hatten die Barbaren,
2154 166 2232 1744 die ihm ein ſo grauſames Loos bereiteten, ſich und
2245 166 2321 1745 ſeiner Gattin unvorſichtiges Vertrauen zu Nutzen ge-
2333 166 2410 1745 macht, um ihr eine ähnliche oder gar noch abſcheu-
2421 168 2498 1745 lichere Schmach aufzuerlegen? Schlief ſie oder wachte
2510 167 2587 1745 ſie, oder konnte ſie in der Nähe eines ſo ſchreck-
2598 166 2677 1743 lichen Gebrülles ſchlafen, das alles ringsum erſchüt-
2688 163 2763 1743 terte? Er beſchloß, ſie zu rufen, ſie wo möglich zu
2773 163 2881 1762 warnen, auf ihrer Huth zu ſeyn und ſich in Acht zu
215 553 314 1396 - 87 -
369 158 462 1746 „Ihr ſeht, daß die Noth des Alterthums eben ſo
593 303 726 1742 „Ja,“ antwortete Brunhilde, „und ich habe
731 160 814 1749 vor der berühmten Belagerung von Troja gehört,
822 152 902 1984 bei welcher Gelegenheit ein prunkender Feigling das
913 68 996 1760 Weib  eines Tapſern entſührte und jegliches ritter-
1000 158 1077 1756 liche Zuſammentreffen mit dem Ehemanne, dem er
1089 155 1165 1754 Schmach angethan hatte, ſchonete, ſo daß daraus
1175 156 1259 1766 der Tod vieler ſeiner Brüder, die Verwüſtung ſei-
1254 125 1340 1773 nes Vaterlandes, der Verluſt aller Reichthümer des-
1350 85 1439 1745 ſelben hervorging und er ſelbſt dem Tod eines er-
1432 157 1522 1758 bärmlichen Prahters ſtarb, der nur von ſeinen. Ge-
1529 158 1606 1739 noſſen beklagt  ward; und aus dem Alben ergiebt
1618 157 1696 1756 ſich denn deutlch genug, wie Eure Vorſahren ſich
1706 167 1785 1509 auf die Gesetze der Ritterſchaft verſtanden.“
1792 292 1872 1736 „Ihr ſeyd im Irrthum,, Gräſin,“ ſagte der
1881 159 1957 1762 Cäſar; „die Unthaten des Paris waren die eines
1970 159 2048 1743 frechen Morgenländers; der Muth, der ſie rächte,
2060 163 2136 1661 war der Muth der Söhne Griechenlands.“
2097 308 2228 1762 „Ihr ſprecht gelehrt, Herr,“ entgegnete die
2236 160 2313 1819 Dame, „doch glaubt nicht, daß ich Euren Worten
2326 162 2402 1760 eher glaube,  als  bis Ihr mir einen  griechiſchen
2411 162 2493 1766 Ritter vorstelltet, der tapfer genug iſt, auſ den be-
906 185 1045 1418 Zwanzigſtes Kapitel.
1087 662 1210 1237 -
1201 172 1312 1679 Sie kommt, ſie kommt in allem Jugendreiz,
1328 181 1394 1472 In namenloſer Lieb' und ächter Treue!
1453 760 1564 1205 -
1620 229 1760 1719 Nicht lange ſchritt Heribert durch die waldarti-
1751 151 1848 1876 gen Gänge des Gartens dem Schrei nach, ſo ſtürz-
1845 155 1935 1732 te ein weibliches Weſen ſich ihm in die Arme, das,
1928 156 2011 1733 wie es ſchien, durch  den ſie verfolgenden Sylvan
2026 155 2103 1746 beunruhigt worden  war. Die Geſtalt Heriberts,
2113 156 2191 1747 der mit auſgehobener Art den  Affen bedrohete,
2202 72 2291 1748 brachte dieſen ſofort zum Stillſtand, ſo daß er mit
2291 158 2412 1751 einem argen Gekreische ſich in das naheliegende Di-
2379 185 2467 754 ckig zurükzog.
2426 186 2547 1746 Des Verfolgers ledig, hatte Heribert Zeit, ei-
2549 159 2641 1752 nen Blick auſ das Frauenzimmer zu werfen, das
2646 159 2720 1737 duch ihn Beiſtand erhielt. Sie war in ein vielfar-
2732 121 2813 1749 biges Gewand gehüllt, an welchem Blaßgelb vor-
219 751 278 1190 - 187 -
805 185 932 1801 Drei und zwanzigſtes Kapitel.
1092 323 1231 1945 Der Varangier verließ den Grafen von Paris
1238 188 1315 1764 nicht eher, als bis dieſer ſeinen Siegelring, semee
1327 189 1407 1766 (wie die Wappenkundigen es benennen) mit zerſplit-
1416 189 1493 1766 terten Lanzen und der ſtolzen Umſchrift „die mei-
1505 187 1581 1765 nige unverletzt,“ ihm in die Hände legte. Verſehen
1593 184 1669 1844 mit dieſem Symbol des Vertrauens war es jetzt
1680 186 1760 1766 ſein Geſchäft, dem Führer des Kreuzheers Kunde
1770 188 1846 1770 von der herannahenden Feierlichkeit des Zweikampfes
1850 187 1934 1769 im Namen Roberts von Paris und deſſen Gemahlin
1945 186 2031 1770 Brunhilde zu geben und von demſelben eine Schaar
2030 187 2111 1770 abendländiſcher Krieger zu begehren, die darauf zu
2122 186 2202 1768 ſehen hätte, daß Ehre und Redlichkeit in Anord-
2209 186 2289 1768 nung der Schranken und Fortführung des Zwei-
2296 187 2377 1769 kampfes ſtreng beobachtet würden. Die Pflichten,
2384 187 2466 1772 welche unſerm Varangier auferlegt waren, machten
2477 184 2558 1930 es ihm unmöglich, perſönlich ſich in Gottfrieds Lager
2567 178 2643 1948 zu begeben; und obgleich es noch manchen Varangier
2652 182 2736 1773 gab, auf deſſen Treue er ſich verlaſſen konnte, war
2742 183 2833 1808 ihm unter denſelben Keiner bekannt, der unter ſei-
364 388 447 1968 Mädchen, und ſetzte wie begeiſtert hinzu: „Das
455 388 535 1968 hieß geſprochen gleich dem Sohne Waldhof's, gleich
545 390 622 1970 einem Sprößling vom ächten Stame! Ich will
631 391 712 1969 heimgehen und meine Gebieterin tröſten; denn wahr-
725 392 802 1970 ich! wenn jemals Gottes Gericht den Ausgang eines
811 390 893 2009 Zweikampfes beſtimmte, ſo wird es in dieſem Falle
901 392 977 1977 gewiß geſchehen. Aber Du deuteſt an, der Graf
979 392 1084 1972 ſey hier, ſey in Freiheit - meine Gebieterin wird
1073 400 1157 1640 darüber Näheres wiſſen wollen.“
1164 542 1246 1970 „Sie mag ſich damit begnügen, zu wiſſen,
1256 398 1337 1971 ſagte Heribert, „daß ihr Gemahl unter der Obhuth
1345 398 1423 1974 eines Freundes ſteht, der bemüht ſeyn wird, ihn
1433 398 1512 1974 gegen ſeine eigenen Thorheiten und Übertrieben-
1519 396 1607 1977 heiten zu ſchätzen, oder daß er auf alle Fälle unter
1600 396 1690 1982 der Obhuth eines Mannes ſteht, der, wenn er auch
1698 400 1778 1975 nicht ſo eigentlich ſein Freund genannt werden kann,
1783 400 1869 1979 doch zuverläſſig nicht als Feind gegen ihn verfuhr
1872 400 1962 1978 und nimmer derfahren wird. Und nun lebe wohl,
1955 347 2084 1983 Du lange Zeit verloren Geweſene, Du Stetsge-
2119 385 2224 1985 Ehe er noch mehr ſagen konnte, warf ſich die
2216 405 2312 1984 Angelſächſin nach etlichen vergeblichen Verſuchen, ihre
2317 404 2399 1987 Gefühle in Worten auszudrücken und ungeachtet der
2406 407 2495 1986 Sprödigkeit, die ſie vorhin hatte blicken laſſen, in
217 768 319 1288 - 99 -
312 180 439 1754 bringe keinen Ausweg heraus, der nicht auf eine
438 179 517 1756 oder andere überſpannte Weiſe von Euern thörigen
526 176 604 1756 Einwürfen zurückgewieſen würde. Hier ſteht ein
618 179 693 1758 Mann, der durch die niedrigſte, gegen ſeine Gat-
703 179 789 1759 tin gebrauchte Liſt feinem Feinde in die Hände ſiel;
793 184 869 1762 ein Mann, gegen den eine ähnliche Liſt gebraucht
877 181 968 1760 ward, ſo daß der Dame Ehre und Leben dadurch
962 181 1048 1760 gefährdet ſind, doch hält dieſer Mann es für noth-
1058 181 1137 1761 wendig, ſelbſt ſolchen mitternächtigen Vergiftern eben
1149 167 1223 1767 ſo ſtreng ſein Wort zu halten, als wenn er es den
1230 183 1311 1764 ehrlichſten Männern von der Welt gegeben hätte!“
1321 329 1411 1762 „Du ſprichſt eine ſchmerzliche Wahrheit aus,“
1405 185 1491 1767 ſagte Graf Robert, „doch mein Wort iſt das Em-
1501 184 1587 1764 blem meines Glaubens; und wenn ich es einem ehr-
1580 186 1668 1766 loſen oder treubrüchigen Feinde gebe, ſo habe ich
1679 185 1756 1766 unweiſe gehandelt; jedoch wenn ich einmal gegebenes
1758 187 1844 1766 Wort breche, ſo begehe ich dadurch eine ehrloſe Hand-
1854 184 1931 1938 kung, deren Schmach nimmer von meinem Schilde
1943 203 2021 1029 abgewaſchen werden kann.“
2001 337 2110 1767 „Meynt Ihr,“ ſprach der Varangier, „es ſey
2119 188 2201 1772 wohl gethan, Eures Weibes Ehre auf den Ausgang
2206 186 2325 1872 eines ungleichen Zweikampfes ſo verpſändet zu lafſen,
2298 216 2373 744 wie ſie jetzt iſt?“
2349 342 2464 1767 „Gott und die Heiligen mögen Dir dieſen Ge-
2473 194 2552 1822 danken verzeihen!“ ſagte der Graf von Paris. „Ich
2564 196 2642 1772 werde dieſem Kampfe mit eben ſo unerſchüttertem,
2652 196 2731 1773 wenn auch nicht ſo fröhlichem Herzen zuſehen, wo-
2741 198 2819 1771 mit ich jemals zuſah, wie Lanzen zerſplittert wur-
209 814 318 1220 - 75 -
338 234 452 1804 werde, thätig zu ſeyn, ſobald es mit Ehren geſche-
462 262 538 601 hen kann.“
550 233 634 1804 „Daran zweifle ich nicht; doch bedünkt mich
648 228 726 1805 ſolche Unterſcheidung etwas ſonderbar,“ entgegnete
729 172 812 1806 der Varangier, „indem ſie einem Manne nur dann
825 230 934 1806 geſtattet, ſich ſeiner Haut zu wehren, ſobald er erſt
908 243 992 1269 ſeinen Stammbaum befragt hat.“
1012 368 1094 1800 „Seyd ohne Furcht, Herr,“ ſagte Graf Ro-
1104 218 1181 1982 bert. „Die ſtrenge Regel der Ritterſchaft ſchreibt
1194 228 1269 1804 allerdings das vor, was ich Dir ſagte; doch wenn
1279 226 1357 1802 es darauf ankommt, ſich durchzuſchlagen, ſo lei-
1367 227 1447 1801 det dieſe Regel weſentliche Abänderung und Aus-
1450 242 1534 606 nahme.“
1556 370 1635 1793 „So laß mich denn das Zeichen der Beſchwö-
1647 163 1728 1803 rung geben,“ verſetzte Heribert, „und dann wollen
1730 228 1840 1646 wir ſehen, was für ein böſer Geiſt erſcheint.“
1832 368 1933 1796 Indem er dies ſprach, klopfte er auf eine be-
1944 232 2021 1288 ſondere Weiſe und die Thür öffn
2034 237 2110 1213 Eine zwerghafte Negerin ſtand
2122 233 2195 1249 Das weiße Haar der Schwarze
2212 229 2285 1248 Widerſpruche mit ihrer Hautfa
2300 237 2374 1247 ſchrillenden Lachen, das dieſen S
2388 233 2468 1234 pflegt. Sie hatte in ihren Zügen
2473 233 2553 1246 es unterſucht ward, wie Boshe
2564 236 2641 1061 über Menſchenelend ausſah.
2666 375 2755 1238 „Iſt Agelaſtes -“ ſprachd
2748 228 2852 1243 hatte er die arte nach im Mu
239 720 297 1112 - 43 -
345 127 448 1711 des Meſſers, und weiß wohl, welche Wirkung es hat,
457 124 534 1712 wenn von ſtarker Fauſt ein Stoß über das Schlüſ-
545 119 624 1899 ſelbein vollführt ward - ich fühl' es kommen. Der
633 121 714 1720 ſogenannte Unſterbliche wird jetzt, wenn die Prie-
719 121 807 1830 ſter wahrſprechen, wirklich ein Urſterblicher, und
800 119 891 1719 der Bogen des Sebaſtes von Mytilene zerbricht, ehe
895 127 1012 1471 noch ſein Köcher zur Hälfte geleert ward.“
1003 58 1123 1897 Der räuberiſche Grieche ſank hierauf in Heri-
1109 118 1203 1897 berts Arm zurück und endete ſein Leben mit einem
1209 119 1292 1880 Aechzen, welches der letzte Laut war, den er her-
1295 126 1411 1714 vorbrachte. Der Varangier ſtreckte den Leichnam
1392 152 1494 677 auf die Flur hin.
1472 275 1591 1714 „Das iſt eine verwickelte Sache,“ ſprach er
1600 127 1682 1838 dann. „Ich bin zuverläſſig nicht dazn berufen, ei-
1691 130 1768 1710 nen braven Mann, obſchon er rein Tedfeind iſt,
1777 131 1860 1712 deshalb zu tödten, weil er einen Böſewicht nieder-
1863 129 1943 1714 ſtieß, der in Geheim darauf ſann, mich ſelbſt um-
1952 59 2043 1735 zubringen. Auch iſt dieſer Ort ſo wenig wie dieſes
2040 131 2121 1718 Licht dazu geeignet, ſo zu fechten, wie es Kämpen
2129 130 2221 1831 zweier Nationen geziemt. Laſſen wir den Zviſt für
2208 131 2299 1830 diesmal ruhen. Was ſagt Ihr dazu, edler Herr,
2307 128 2396 1936 wenn wir unſern Streit ſo lange verſchieben, bis
2389 134 2477 1715 Ihr aus dieſen Kerkern des kaiſerlichen Palaſtes
2485 134 2564 1717 befreit, und Euern Freunden und Geleitsmännern
2568 129 2654 1896 zurückgegeben wurdet? Wenn ein armer Varan-
2660 134 2743 1717 gier Euch zu ſolchem Zwecke helfen könnte, würdet
2749 132 2830 1715 Ihr ihm, nach vollführter Befreiung, es weigern,
