2127 3033
269 181 352 1893 für die faulen Kreppmänner, die prahlhänſigen Pfaffen zu
341 182 420 1892 Oxford, zu machen, deren Augen dermaßen von Fette über-
414 180 492 1891 ſchwollen waren, daß ſie das Verderben nicht eher ſehen
485 178 562 1893 konnten, als bis dieſes ſie bei der Kehle faßte. Ich aber
556 178 635 1893 kann's Euch ſagen, allwo das Schwert geſchmiedet, geſotten
629 179 708 1891 und geſchweißt, gewetzt und polirt ward. Während Ihr,
699 180 779 1896 wie ich vorhin ſchon ſagte, Taſchenmeſſer für falſche Prie-
770 179 844 1895 ſter, und Dolche für liederliche G-tt verd-m- mich -
840 180 919 1895 Ritter machtet, dem Volke Englands die Gurgel damit ab-
914 179 991 1892 zuſchneiden,  da ward es geſchmiedet zu Long Marſton
981 178 1065 1894 Moor, wo die Schläge hageldichter fielen, als jemals der
1055 177 1133 1891 Schmiedehammer auf einen Ambos, und es ward geſotten
1127 176 1205 1892 zu Naſeby, im beſten Blute der Ritter - und geſchweißt
1199 178 1277 1891 ward es in Ireland an den Mauern von Drogheda - und
1271 180 1348 1891 gewetzt ward es an dem Leben der Schotten zu Dunbar -
1342 175 1422 1892 und polirt ward es neuerdings zu Worceſter, dergeſtalt, daß
1413 176 1491 1890 es ſo hell blitzt, wie die Sonne am Mittagshimmel, und
1484 175 1565 1892 es kein Licht in England gibt, das ihm gleich kommen
1558 173 1652 458 möchte.“
1626 287 1706 1892 Hier erhob der militäriſche Theil der Zuhörerſchaft ein
1698 169 1778 1894 Beifallsgemurmel, das im Klange dem „Hört! hört!“ des
1768 168 1849 1894 brittiſchen Unterhauſes gleich kam, und darauf berechnet
1839 171 1919 1890 war, die Begeiſterung des Redners zu erhöhen, indem es
1911 178 1990 1512 die Theilnahme der Zuhörer ausdrücken ſollte.
1983 178 2064 1892 „Und weiter!“  nahm der Prieſter wieder das Wort,
2054 167 2136 1893 indem er ſich zur Energie erhob, da er fand, daß ſein Audi-
2127 166 2209 1892 torium in ſeine Gefühle einging: „Was ſagt der Tert?
2198 146 2278 1893 'Zeuch einher, es müſſe Dir gelingen' - halte nicht inne
2270 166 2347 1893 - denk' an keinen Stillſtand - verlaſſe den Sattel nicht
2341 167 2420 1894 - verfolge die zerſtreuten Flüchtlinge - ſtoß' in die Trom-
2412 167 2489 1892 pete - keinen Iubeltuſch laß erſchallen - ſondern einen
2484 166 2560 1893 Kriegston - Trompetenſtoß, Stiefel und Sattel - zu
2554 170 2635 1892 Roß und vorwärts - Feuer! - Setze dem jungen Manne
2624 167 2706 1893 nach! - welchen Theil haben wir an ihm - Schlag
2695 165 2771 1893 nimm, verwüſte, theile die Beute! Geſegnet ſeyſt Du, Oli-
2765 166 2846 1895 ver, von wegen Deines Ruhmes  Deine Sache iſt lau-
2836 164 2920 1893 ter, Dein Beruf iſt unbezweifelt - nimmer hat Dein Feld-
244 214 325 1940 ich hätte Euch ſonſt einen Veſpergeſang auf Eurem Schädel
318 252 394 531 geläutet.“
388 324 464 1930 Der Independent lächelte grimmig und erwiederte:
459 225 536 1933 „Nicht doch, Freund, es iſt gut ſür Dich; denn nimmer
531 217 611 1935 würde ein Kirchenknecht für ſein Geläut ſo derb bezahlt
602 215 681 1937 worden ſeyn. Bei alledem, warum ſollte der Hader zwi-
673 222 751 1936 ſchen uns oder meine Hand gegen die Deinige erhoben
743 216 817 1935 ſeyn? Du biſt nur ein armer Geſell, der ſeines Gebieters
815 212 890 1938 Befehle ausrichtet; auch habe ich kein Verlangen danach,
886 217 964 1936 baß mein Blut, oder das Deine, um dieſer Sache willen
957 219 1033 1938 vergoſſen würde. Du wirſt, ſo verftand ich's, mir fried-
1028 217 1105 1941 lich die Beſitznahme vom Palaſte zu Woodſtock einräumen -
1100 220 1178 1939 ſo genannt, wiewohl gegenwärtig kein Palaſt in England
1170 214 1243 1941 iſt, auch keiner fortan ſeyn ſoll, bis wir eintreten in den
1240 221 1341 1939 Palaſt des neuen Jeruſalems, und das Reich der Heiligen
1312 240 1388 1019 auf Erden beginnen wird.“
1368 336 1462 1938 „Vollkommen wohl begonnen, Freund Tomkins,“  ſagte
1456 222 1534 1939 der Hüter, „Ihr ſeyd raſch bei der Hand, Könige zu wer-
1526 226 1603 1937 den, ſo wie die Sache jetzt ſteht; und was Jeruſalem an-
1598 217 1676 1934 langt, da weiß ich nicht, ob nicht Woodſtock ein herrliches
1666 218 1746 1937 Neſtei iſt, um damit anzufangen. Wohlan, wollt Ihr an-
1740 214 1818 1938 greifen - wollt Ihr - wollt Ihr Befitznahme und Ueber-
1811 232 1892 1332 gabe - Ihr hörtet meine Befehle.
1882 332 1960 1936 „Hm - ich weiß nicht,“ ſagte Tomkins. „Ich muß
1954 217 2028 1934 mich vor einem Hinterhalte wahren, und bin allein hier.
2024 219 2101 1938 Ueberdies iſt heute das vom Parlament angeordnete und
2096 220 2174 1940 von der Armee zugeſtandene große Dankfeſt - auch möchten
2166 160 2244 1941 der alte Mann und das junge Frauenzimmer es für nöthig
2237 217 2316 1943 ſinden, etliche ihrer Kleider und ſonſtiges perſönliches Ei-
2308 222 2387 1941 genthum zu verlangen, und ich möchte nicht, daß ſie mei-
2381 218 2457 1945 netwegen geſchadet würden. Wenn Du mir deshalb morgen
2451 217 2529 1945 früh das Beſitzthum überliefern willſt, ſo ſoll es in perſön-
2522 219 2599 1947 licher Gegenwart meines Gefolges und des presbyteriani-
2594 218 2672 1943 ſchen Ehrenmannes, des Maſors, geſchehen, ſo daß die
2664 217 2742 1946 Uebergabe vor Zeugen geſchiebt; da ferner, wenn Keiner
2722 215 2812 1943 babei iſt, als Du, der überliefert, und ich, der ich Beſitz
2807 217 2886 1946 nehme, die Belialskinder ſagen könnten:Ei, ei! Traugott
167 1055 239 1133 62
282 358 358 1950 Die meiſten dieſer rohen Schmäuſe fielen in die Zeiten
357 246 433 1952 der Plantagenets. Als das Haus der Tudor zum Throne
427 248 504 1949 gelangte, war man minder freigebig mit der königlichen
497 247 575 1951 Gegenwart, und hielt Mahlzeit in den weiter entlegenen
568 245 640 1946 inneren Hallen und Gemächern, indem man den äußerſten
640 244 716 1945 Vorhof den Leibgardiſten überließ, welche dort ihre Wache
711 242 789 1947 bezogen und die Nacht mit Jubeln und Zechen hinbrachten,
783 242 855 1946 wobei ſie ſich bisweilen durch eine furchtbare Geiſter und
854 242 931 1949 Hexengeſchichte unterbrachen, die ſelbſt den würde haben
925 242 999 1949 erbleichen laſſen, in deſſen Ohren die Drommete eines fran-
996 242 1076 1948 zofiſchen feindlichen Reiters eben ſo lieblich zu klingen pflegte,
1067 255 1147 1382 als ein Aufruf zur Jagd im Forſtlande.
1140 350 1216 1949 Joceline deutete ſeinem finſtern Gefährten dieſe Merk-
1210 240 1289 1945 würdigkeiten des Ortes weit kürzer an, als wir ſie dem
1283 240 1361 1948 Leſer geſchildert haben. Anfangs ſchien der Independent
1352 237 1432 1947 mit einiger Theilnahme zuzuhören; jetzt aber, indem er
1425 236 1503 1946 plötzlich ſeiner Aufmerkſamkeit eine Ende machte, rief er in
1496 235 1571 1948 feierlichem Tone: „Verderbe du, Babylon, wie dein Mei-
1568 235 1645 1946 ſter Nebukadnezar verdarb! Er iſt ein Flüchtling und du
1637 235 1716 1943 ſollſt ein wüſter Platz werden - ja, und eine Wildniß -
1710 233 1790 1943 ja, eine Salzwüſte, in welcher Durſt und Hunger wohnen
1782 269 1856 490 ſollen!“
1855 349 1933 1935 „Von beiden iſt genug zum Abendbrode vorhanden,“
1925 233 2002 1943 ſagte Joceline; „es ſey denn, des Ritters Speiſekammer
1996 239 2074 1677 finde ſich gefüllter, als ſie es ſonſt zu ſeyn pflegt.“
2067 349 2146 1939 „Wir müſen für des Leibes Beſtand ſorgen,“ ſagte der
2139 237 2218 1943 Independent; „jedoch zu rechter Zeit, wenn unſere Pflicht
2211 235 2289 1670 vollbracht iſt. Wohin führen dieſe Eingänge?“
2282 348 2361 1942 „Der zur Rechten,“  erwiederte der Hüter, „führt zu
2353 229 2432 1946 dem, was man Prunkſaal nennt, der ſeit dem Jahre ein-
2425 233 2504 1944 tauſend ſechshundert und neununddreißig nicht gebraucht
2497 246 2576 1534 war, als Seine höchſtſelige Majeſtät - -“
2567 347 2643 1943 „Was!“ unterbrach der Independent mit einer Donner-
2638 234 2718 1943 ſtimme: „Sprichſt Du von Karl Stuart als ſeligmachend
2711 231 2790 2059 oder als ſelig -  Gedenke der Proklamation hierüber.“
2784 347 2862 1941 „Ich meinte nichts Arges damit,“ antwortete der Hüter,
2850 232 2938 1991 der ſein Gelüſten, eine derbere Antwort zu geben, unter-
