2534 3506
292 1156 364 1487 187
455 252 536 1716 Blickt auf den Boden, legt dann ſeinen Finger
528 255 604 1624 Sich an die Schläfe; plötzlich ſpringt er auf
597 250 671 1638 Und fällt in raſchen Gang, hält wieder an,
664 252 739 1646 Schlägt heftig an die Bruſt; drauf richtet er
732 253 833 1573 Zum Mond den Blick; ſeltſame Stellungen
802 267 876 988 Bemerkten wir an ihm.
887 332 962 1224 König. Es mag wohl ſein,
957 253 1031 1612 Daß Meuterei in ſeinem Herzen. Heut
1024 245 1128 1929 Schickt' er zum Durchſehn mir Stattsſchriften zu,
1092 253 1167 1537 Wie ich gefordert; und wißt ihr, was ich
1162 258 1238 1347 Gefunden? nur unwiſſend zugelegt,
1229 254 1304 1638 Ein Inventar, wahrhaftig, ſo bedeutend, -
1299 254 1371 1549 Von ſeinen Schätzen, ſilbernen Geſchirren,
1366 246 1450 1868 Von reichen Stoffen, Prunkgeräth des Hauſes,
1436 252 1509 1635 Was mir von ſo gar hohem Werthe ſcheint,
1503 258 1604 1339 Daß es des Unterthanen rechtlichen
1570 269 1646 924 Beſitz weit überſteigt.
1655 335 1733 1197 Norf. 's iſt Gottes Wille;
1725 256 1799 1583 Ein guter Geiſt hat das Papier gelegt
1794 250 1877 1563 In das Paket, eu'r Aug' damit zu ſegnen.
1856 308 1953 2149 König. Wenn wir nur denken könnten, daß ſein Sinnen
1946 250 2024 1600 Hoch ob der Erde ſchwebte in Betrachtung,
2016 254 2092 1470 Auf geiſtge Güter einzig nur gerichtet,
2082 252 2160 1583 So möchte er verharrn in ſeinem Brüten:
2147 240 2248 1985 Dh fürcht ich, untern Monde weilt ſein Trachten,
2221 256 2303 1355 Nicht werth ſo ernſter Ueberlegung.
2298 240 2374 2296 (Der König nimmt ſeinen Sitz ein, und ſpricht leiſe mit Lovell, der zu
2357 1062 2417 1431 Wolfey geht.)
2428 344 2498 762 Wolſ. Gott
2495 95 2569 1417 Verzeihe mir, und ſegne eure Hoheit!
2578 310 2655 2018 König. Mylord, ihr ſeid von geiſt'gen Schätzen voll,
2645 229 2722 1609 Ihr tragt ein Inventar der reichſten Gnad'
2718 249 2792 1601 Im Herzen, das ihr jetzt wohl überrechnet;
2785 248 2860 1654 Kaum habt ihr Zeit, der geiſtgen Muße weg
2855 246 2930 1789 Fu ird'ſchem Zweck ne kleine Spann' zu ſtehlen.
2924 207 2998 1698 Gewiß, ihr ſeid ein ſchlechter Hauswirth drin,
2990 245 3066 1781 Und freut mich's, meines Gleichen euch zu finden.
287 1193 387 1327 193
431 257 529 1798 Die Glocke rief', und euer braunes Mädchen
523 264 611 1591 Im Arm euch küſſend läg', Lord Cardinal.
604 215 701 2108 Wolſ. Wie ſehr könnt' ich doch dieſen Mann verachten,
692 116 786 1742 Hielt' mich die Menſchenliebe nicht zurück!
778 324 895 2017 Norf. Mylord, die Klag' liegt in des Königs Hand,
865 274 939 1218 Und ſchlimm ſteht eure Sache.
967 351 1041 1013 Wolſ. Deſto ſchöner
1036 266 1109 1493 Und fleckenlos erſcheinet meine Unſchuld,
1104 265 1179 1604 Wenn erſt der König weiß die Wahrheit.
1190 359 1249 758 Surr. Das
1254 231 1333 1888 Wird euch nicht helfen: mein Gedächtniß, Dank ihm,
1322 243 1400 1390 Behielt noch einige der Klagepunkte,
1368 257 1470 1659 Die ſollen jetzt heraus. Wenn ihr erröthet
1463 263 1538 1546 Und ſchuldig euch bekennet, Cardinal,
1532 261 1614 1776 So könnt ihr noch ein wenig Tugend zeigen.
1608 320 1706 2226 Wolſ. Sprecht nur, ich trotze eurer ſchlimmſten Klage;
1684 262 1758 1609 Erröth' ich, iſt's nur einen Edelmann
1753 273 1827 1157 Zu ſeh'n, dem Sitte fehlt.
1838 343 1910 1165 Surr. Stets beſſer noch,
1905 262 1980 1675 Als fehlt der Kopf. So höret denn. Zuerſt,
1975 263 2048 1615 Daß ohne unſers Königs Will und Wiſſen,
2042 272 2117 1294 Ihr habt geſtrebt Legat zu ſein,
2111 264 2185 1555 Wodurch die Macht der Biſchöfe gelähmt.
2195 319 2301 2235 Norf. Dann, daß in Allem was noch Rom ihr ſchriebt,
2266 257 2339 1779 Und ſonſt an fremde Höf', die Form ihr braucht:
2334 262 2406 1595 Ego et Rex meus, und dadurch den König
2403 269 2486 1284 Zu eurem Diener habt gemacht.
2480 324 2571 2061 Suff. Dann, daß ihr ohn' des Königs und des Raths
2555 214 2630 1493 Vorwiſſen, als man an den Kaiſer euch
2626 261 2699 1656 Geſandt, euch habt erkühnt das große Siegel
2692 267 2769 1295 Nach Flandern mitzunehmen.
2779 292 2851 1076 Surr. Dann gabt ihr
2848 260 2923 1617 Gregor von Caſſalis weitläuft'ge Vollmacht,
2916 262 2989 1599 Ohn' daß der König noch der Staat davon
2982 257 3142 1668 Gewußt, 'nen Bund zu ſchließen mit Ferrara. VI.
3072 1532 3141 1796 13
156 1106 262 1432 202
331 290 433 1481 Zu ihrem Sitz im Chor geleitet war,
424 282 499 1645 Blieb ſtehn in einiger Entfernung, während
492 291 568 1436 Sich ihre Hoheit niederließ, um dort
560 283 637 1641 Ein Weilchen auszuruhn, ne halbe Stund',
629 284 704 1559 Auf einem Prachtſitz, ihre Schönheit frei
696 284 772 1636 Dem Volk darſtellend. Glaubet mir, ſie iſt
766 282 840 1531 Das herrlichſte Geſchöpf, das jemals lag
835 283 909 1548 An eines Mannes Seite. Als das Volk
903 232 978 1608 Sie nun erblickt', erhob ſich ein Geräuſch,
966 224 1046 1882 Wie man vom Tauwerk hört beim heft'gen Sturm,
1041 282 1116 1807 So laut und mannigfaltig. Hüt' und Mützen,
1108 278 1184 1673 Auch ſelbſt die Wämmſer flogen in die Höh',
1178 286 1249 1447 Und wären die Geſichter los geweſen,
1246 287 1320 1493 Sie hätten ſie verloren heut. Nie ſah
1312 281 1389 1768 Zuvor ich ſolchen Jubel. Schwangre Weiber,
1383 281 1458 1679 Kaum eine halbe Woch' vom Ziele, drängten
1452 283 1525 1734 Sich vor, gleich Widdern aus der alten Zeit,
1520 281 1592 1691 Und machten Breſchen. Keiner konnte ſagen:
1586 273 1726 1708 „Dies iſt mein Weib;“ ſo ſeltſam waren Alle In Eins verwebt.
1754 346 1833 1971 Zweiter Edelm. Und was geſchah dann weiter?
1826 336 1943 2289 Dritter Edelm. Dann ſtand ſie auf, und mit beſcheidnem
1914 1334 1980 1555 Schritt
1982 287 2057 1512 Ging ſie zum Altar, wo ſie niederkniete
2052 278 2124 1770 Und einer Heil'gen gleich die ſchönen Augen
2118 278 2196 1799 um Himmel aufſchlug, betend andachtsvoll;
2187 283 2261 1683 Erhob ſich dann, verneigte ſich dem Volk,
2255 283 2330 1661 Wo denn der Erzbiſchof von Canterbury
2323 286 2398 1412 Die königlichen Zeichen ihr ertheilte:
2392 285 2467 1474 Das heil'ge Oel, die Krone Eduard's,
2462 283 2535 1700 Des Bekenners, den Stab, die Friedenstaube,
2530 278 2604 1688 Und allen Krönungsſchmuck: worauf ein Chor
2599 284 2673 1623 Der ausgeſucht'ſten Stimmen dieſes Reiches
2667 281 2743 1701 Te Deum ſang. Dann kehrt' der Zug zurück,
2735 281 2811 1638 Im ſelben ernſten Prunk, in dem er kam,
2801 266 2986 2298 Nach York-Pallaſt, wo man das Mahl wird halten. Erſter Edelm. Nennt ihn nicht York-Pallaſt mehr, 's iſt vorbei:
