2623 3460
520 965 596 1599 P e r ſo n e n.
654 354 744 1284 Ferdinand, König von Navarra.
729 371 785 591 Biron,
797 363 855 761 Longaville,
869 361 953 732 Dumain,
942 363 1008 696 Boyet,
775 789 867 1655 Herren im Gefolge des Königs.
947 657 1056 2116 Herren im Gefolge der Prinzeſſin von Frankreich.
1003 364 1082 740 Mercade,
1077 334 1158 1896 Don Adriano de Armado, ein phantaſtiſcher Spanier.
1152 349 1214 1293 Sir Nathanael, ein Landpfarrer.
1215 347 1293 1332 Holofernes, ein Schulmeiſter.
1294 353 1350 963 Dumm, ein Conſtabel.
1361 358 1426 936 Schädel, ein Rüpel.
1435 352 1494 1072 Mott e, Page des Armado.
1504 360 1565 725 Ein Förſter.
1576 345 1660 1230 Die Prinzeſſin von Frankreich.
1649 355 1711 832 Roſaline,
1690 771 1792 1747 Damen im Gefolge der Prinzefſin.
1721 361 1780 634 Maria,
1779 355 1859 906 Catharina,
1854 346 1921 1245 Jacquenette, ein Landmädchen.
1928 333 2010 1850 Officiere und Gefolge des Königs und der Prinzeſſin.
2036 1072 2118 1585 Scene: Navarra.
139 1163 211 1309 263
308 209 392 2241 Renumeration, welche ich von deinem Herrn erhalten habe, du Hel-
378 210 458 2237 lersbüchſe des Witzes, du Taubenei von Artigkeit. O, hätte es
448 205 534 2238 doch dem Himel gefallen, daß du auch nur mein Baſtard wärſt,
518 205 602 2238 welchen frohen Vater würdeſt du aus mir machen! Geh, du haſt
588 209 666 2234 getroffen den Dung, den Nagel auf den Kopf, wie man es nennt.
659 275 738 2231 Holof. Oho, ich wittre falſches Latein; den Dung für ad unguem.
725 273 808 2233 Arm. Kunſtmann, praeambula; wir wollen uns ſepariren
797 199 876 2430 von den Barbaren. Belehrt ihr nicht die Jugend in dem Päda-
866 225 944 1376 gogio auf dem Haupte des Gebirges?
936 286 1012 1716 Holof. Oder auf dem mons, dem Hügel.
1004 282 1082 1856 Arm. Nach eurem gütigen Ermeſſen für Gebirge.
1076 293 1149 1444 Holof. Ich thue es sans question.
1143 274 1222 2231 Arm. Herr, es iſt des Königs lieblichſte Willensmeinung und
1212 208 1291 2235 Affectation, zu beglückwünſchen die Prinzeſſin in ihrem Pavillon
1285 197 1362 2233 in den Poſterioribus des Tages, welche die rauhe Menge benamſet
1351 243 1430 608 Nachmittag.
1423 276 1503 2234 Holof. Die Poſteriora des Tages, ſehr edler Herr, ſind anfüg-
1492 200 1571 2235 ſam, congruent und paſſend für Nachmittag: das Wort iſt erleſen,
1561 200 1639 2236 ſelect, ſüß und anmuthiglich, ich verſichere es euch, Herr, ich ver-
1634 244 1708 602 ſichere euch.
1699 272 1775 2230 Arm. Herr, der König iſt ein erhabener Edelmann und mein
1768 195 1848 2236 intimer, ich kann euch verſichern, ſehr guter Freund: - denn was
1837 197 1917 2224 innerlich zwiſchen uns vorgeht, deſſen will ich nicht erwähnen.
1907 196 1982 2235 Ich bitte dich, laß die Ceremonien; - ich bitte dich, bedecke dein
1977 199 2056 2234 Haupt; - und unter andern ſehr wichtigen und höchſt ernſthaf-
2049 201 2128 2235 ten Plänen, - und gewiß auch von ſehr großer Gewichtigkeit; -
2118 200 2196 2234 doch deſſen will ich nichts erwähnen. Beim Himmel, ich erzähle
2189 198 2264 2235 dir keine Mährchen; gewiſſe ganz abſonderliche Ehrenbezeigungen
2259 198 2333 2233 geſiel es ſeiner Erhabenheit zu Theil werden zu laſſen dem Ar-
2327 196 2403 2235 mado, einem Krieger, einem vielgereiſten Manne, der die Welt ge-
2395 198 2471 2235 ſehen; doch deſſen will ich nichts erwähnen. Der eigentliche In-
2464 199 2540 2239 halt von dieſem Allem iſt, - doch, ſüßes Herz, ich bitte um Ver-
2532 207 2611 2232 ſchwiegenheit, - daß der König wünſcht, ich ſolle die Prinzeſſin,
2602 201 2679 2231 ſein ſüßes Täubchen, erfreuen durch irgend eine ergötzliche Oſten-
2671 204 2748 2230 tation, Schauſtellung, Aufzug, Mummenſchanz oder Feuerwerk.
2743 202 2818 2233 Nu, wohl erwägend, daß der Paſtor und eure werthe Perſon
2811 200 2887 2235 ſtark ſeid in ſolchen Ausbrüchen und plötzlichen Eruptionen der
2882 203 2962 2231 Ergötzlichkeit, ſo habe ich euch denn hievon vergewiſſert zu dem
2948 205 3028 2086 Endzweck, um eure Beiſtändlichkeit in Acquiſition zu nehmen.
3020 276 3129 2228 Holof. Herr Ritter, ihr müßt vor ihr das Spiel der neun
173 1252 242 1387 290
322 303 420 1916 König. Ruf ſie ſchnell, wir wollen ihn hören.
410 322 488 1293 Arm. Heda! kommt heran.
494 310 580 2331 Holofernes, Nathanael, Motte, Schädel und Andere treten auf.
588 382 665 2332 Der auf dieſer Seite iſt Hiems, der Winter; der dort er, der
657 313 741 2292 Frühling; ihnen folgt die Eule und der Kuckuck. Ver, beginne.
844 1117 925 1497 L i e d.
984 1135 1042 1352 1.
1098 1056 1195 1591 F r ü h l i n g.
1212 668 1302 1943 „Wenn Primeln bunt und Veilchen blau,
1293 678 1365 1566 Und Tulpen herrlich prahlen,
1344 675 1436 1792 Wenn Kuckucksblumen rings die Au'
1431 682 1502 1555 Mit bunter Pracht bemalen:
1501 680 1574 1783 Da ſtimmt ſein Lied der Kuckuck an
1572 653 1644 1819 Im Baum und foppt den Ehemann:
1641 1110 1715 1350 Kuckuck,
1709 678 1785 1740 Kuckuck, Kuckuck: es packt ſich fort
1778 679 1854 1797 Der Mann, hört er das böſe Wort!
1913 1210 1978 1359 2.
2018 683 2095 1654 Der Hirte bläſt auf Haferſtroh,
2090 676 2165 1759 Des Pflügers Glocken Lerchen ſind,
2158 676 2232 1859 Die Tauben hüpfen leicht und froh,
2223 612 2302 1911 Ihr Sommerhemd bleicht's ſchöne Kind:
2296 680 2371 1786 Da ſtimmt ſein Lied der Kuckuck an
2366 677 2439 1815 Im Baum und foppt den Ehemann:
2434 1121 2504 1359 Kuckuck,
2502 683 2580 1753 Kuckuck, Kuckuck: es packt ſich fort
2573 627 2650 1792 Der Mann, hört er das böſe Wort!
2832 1132 2894 1628 W i n t e r.
2934 682 3011 1853 Wenn weg den Schnee die Grete fegt,
3001 685 3076 1806 Und Hans der Hirt die Hände bläſt,
3071 686 3147 1857 und Toms in's Haus die Klötze trägt,
