2780 4530
464 400 536 505 32
482 920 582 1905 ANNE OF GEIERSTEIN.
705 353 816 2461 one mule can manage to carry? They must be
851 352 960 2464 beggarly Bohemians, or those whom the French
993 353 1107 2462 people call Escossais. The knaves! they shall
1140 353 1250 2469 pay with the pining of their paunches for the
1285 376 1396 1481 poverty of their purses.'"
1431 463 1542 2465 "Do not be too hasty, and please your ex-
1577 352 1687 2465 cellency,'' quoth the squire; "small budgets
1723 351 1833 2468 hold rich goods. But rich or poor, they are our
1868 351 1974 2470 men, at least they have all the marks - the el-
2010 352 2121 2470 der, well-sized, and dark-visaged, may write
2156 351 2267 2465 fifty and five years, a beard somewhat grizzled;
2301 350 2411 2469 - the younger, some two-and-twenty, taller
2443 351 2544 2469 than the first, and a well-favoured lad, with a
2588 356 2698 2288 smooth chin and light-brown mustachoes."
2721 461 2835 2459 "Let them be admitted," said the Governor,
2882 352 2992 2466 turning back in order again to descend to the
3027 352 3137 2466 street, "and bring them into the folter-kam-
3175 377 3258 1396 mer of the toll house."
3318 463 3428 2464 So saying, he betook himself to the place ap-
3461 353 3573 2468 pointed, which was an apartment in the large
3609 357 3718 2465 tower that protected the eastern gate-way, in
3752 355 3862 2467 which were deposited the rack, with various other
3897 358 3996 2465 instruments of torture, which the cruel and ra-
4038 365 4150 2471 pacious Governor was in the habit of applying
292 482 362 627 170
300 988 360 2001 ANNE OF GEIERSTEIN.
522 423 617 2554 storms of Switzerland. Heaven was above us
664 422 779 2552 then, as it is over us now. Adieu, my beloved
809 424 920 2553 Arthur! Should I wait till the moment of sepa-
953 426 1072 2553 ration, there may be but short time to speak the
1100 426 1215 2553 fatal word, and no eye save thine own must see
1247 441 1360 1997 the tear which I now wipe away."
1391 534 1512 2554 The painful feeling which accompanied this
1537 428 1657 2556 anticipation of their parting, was so sincere on
1682 433 1803 2560 Arthur's part, as well as that of his father, that
1829 432 1924 2563 it did not at first occur to the former, as a source
1970 433 2080 2566 of consolation, that it seemed likely he might
2115 433 2237 2568 be placed under the guidance of the singular fe-
2260 436 2374 2569 male, the memory of whom haunted him. True
2404 439 2519 2563 it was, that the beauty of Anne of Geierstein,
2550 440 2663 2569 as well as the striking circumstances in which
2696 445 2802 2569 he had exhibited herself, had on that very
2842 443 2963 2573 morning been the principal occupation of his
2987 446 3104 2573 mind; but they were now chased from it by the
3132 447 3254 2574 predominant recollection, that he was about to
3274 453 3398 2574 bc separated in a moment of danger from a fa-
3420 453 3531 2579 ther, so well deserving of his highest esteem and
3571 486 3660 1404 his fondest affection.
3710 568 3815 2578 Meanwhile, that father dashed from his eye
3854 463 3950 2583 the tear which his devoted stoicism could not
3995 464 4121 2582 suppress, and, as if afraid of softening his re-
