2496 3504
209 1109 279 1244 196
380 184 461 2167 es, und verkauften den Körper für drei Schiling und ſechs
466 183 555 2170 Pence. Sie wurden gehängt, aber nur des Mordes wegen, nicht
556 182 636 2170 wegen des plagium. - Sie ſind hier einwenig zu weit gegangen.“
642 291 731 2168 „Wohl, Sir; inzwiſchen muß Sie Mr. Mae-Morlan dem
729 182 806 2172 Landgefängniß übergeben, falls dieſer junge Mann dieſelbe
815 183 890 2165 Geſchichte wiederholt. Gerichtsdiener, führt Mr. Gloſſin und
903 185 982 2109 Hatteraick ab, und bewabrt ſie in verſchiedenen Gemächern.
988 293 1065 2167 Gabriel, der Zigeuner, ward hereingeführt, und gab eine
1075 185 1164 2168 genaue Schilderung ſeiner Flucht von Capitain Pritchard's
1160 182 1241 2168 Fahrzeug und wie er ſich bei jenem Vorgange zn den Schmugg-
1247 186 1337 2165 lern geſellt habe; er berichtete umſtändlich, wie Dirk Hatte-
1331 184 1413 2170 raick Feuer in ſeinem Schiff angelegt habe, als er es untaug-
1421 178 1496 2299 lich fand, und wie er unter der Rauchwolke mit ſeiner Mann-
1505 181 1580 2172 ſchaſt entkam; ferner, wie man noch ſo viel Güter als mög-
1586 180 1668 2171 lich in jene Höhle rettete, wo man bis zum Einbruch der Racht
1676 226 1753 507 zu liegen
1763 225 1832 512 beeſt Br
1675 1177 1751 2148 elbſt, ſein Unterſchiffer Ban-
1761 1194 1835 2146 worunter auch der Berichter-
1846 184 1929 2170 ſtatter, gingen nach der angranzenden Waldung, um ſich mit
1932 188 2008 2172 einigen ihrer Freunde in der Nachbarſchaft zu beſprechen. Sie
2017 185 2096 2171 überſielen Kennedy plötzlich, und Hatteraick und Brown, ah-
2104 184 2180 2172 nend daß er der Urheber ihres Unglücks war, beſchloſſen ihn
2191 184 2277 2171 zu morden. Er erklärte, daß er geſehn habe, wie ſie gewalt-
2277 184 2354 2171 ſame Hand an den Zollbeamten legten, und ihn durch den
2363 187 2440 2170 Wald ſchleppten, er ſelber habe iedoch an dem Angriffe nicht
2449 185 2527 2171 Theil genommen, auch ſeinem Ende nicht beigewohnt. Auf
2534 187 2614 2165 einem andern Wege war er nach der Höhle zurückgekehrt, wo
2618 189 2701 2178 er wieder mit Hatteraick und ſeinen Genoſſen zuſammentraf;
2702 187 2790 2165 der Capitain hatte eben die Erzählung begonnen, wie er und
2786 187 2870 2171 Brown ein großes Felsſtück hinabgeſtürzt hatten, wo Kennedy
2865 187 2959 2172 ſtöhnend am Strande lag, als plötzlich Gloſſin unter ihnen
2949 189 3048 2172 erſchien. Dem ganzen Vorgange, wo Hatteraick Gloſſin's
231 1227 294 1361 129
404 316 482 2280 lich die Beredtſamkeit nach, welche allwöchentlich über ſeinem
494 333 569 1575 Haupte von der Kanzel herabdonnerte.
578 457 658 2278 „Was wir jetzo bedenken wollen, meine Brüder, - hm,
668 312 745 2282 hm - ich will ſagen, meine lieben Freunde, - geſchah nicht
754 314 831 2283 in einem Winkel, und mag allen Herenadvokaten, Atheiſten
841 313 917 2284 und Irrgläubigen aller Art als eine Lehre dienen. - Ihr
926 313 1007 2281 müßt wiſſen, daß der edle Laird von Ellangowan nicht ſo eifrig,
1015 313 1092 2281 wie es ſich geziemt hätte, damit war, ſein Land von Heren
1100 313 1181 2281 zu ſäubern (in Betracht des Wortes, das da geſagt iſt: „du
1190 312 1268 2280 ſollſt keine Zaubrerin leben laſſen“); auch nahm er es nicht
1276 313 1354 2282 gebührend ſtreng mit denen, welche Kobolde hatten, welche
1362 311 1442 2281 Wahrſagerei und dergleichen trieben, wie es bei den Aegyp-
1452 314 1528 2280 tiern (ſo pflegen ſich dieſe Leute zu nennen) und andern heil-
1538 312 1616 2277 loſen Banden in unſerm Lande üblich iſt. Nun war der Laird
1628 313 1705 2279 drei Iahre verheirathet, ohne einen Erben zu haben - man
1714 312 1795 2280 hielt dies für ein Strafgericht, weil er, wie es hieß, verbote-
1801 310 1880 2277 nen Umgang mit der Meg Merrilies pflog, die in den beiden
1886 310 1982 2277 Grafſchaften Galloway und Dumfries als die berüchtigtſte Hexe
1976 343 2041 795 bekannt war.“
2060 453 2140 2274 „Daran mag wohl etwas Wahres ſein, ſagte Mrs. Mac-
2149 309 2227 2274 Candliſh; „ich weiß ſelber, daß er ihr zwei Gläſer Schnaps
2240 330 2314 1413 in dieſem Hauſe einſchenken ließ.“
2322 456 2403 2270 „Freilich wohl, Wertheſte, und das bekräftigt nur noch
2413 310 2487 2273 meine Rede. - Endlich war denn die Lady guter Hoffnung,
2500 310 2577 2272 und in der Nacht, wo ſie niederkommen ſollte, da kommt an
2588 309 2667 2269 die Thür des Hauſes, (an den Hof von Ellangowan, wie man
2670 311 2756 2271 es nennt,) ein ſteinalter, ſeltſam gekleideter Mann, und bittet
2758 311 2842 2272 um Quartier. Kopf, Beine und Arme waren nackt, obwohl
2846 311 2929 2270 es gerade im Winter war, und ſein eisgrauer Bart hing ihn
2939 306 3018 2268 dreiviertel Ellen lang über die Bruſt herab. Gut, er ward
