2870 5110
574 1252 654 1365 83
826 239 910 2369 the numberless boats hich followed that from
969 237 1083 2365 which the black banner of the Chief was display-
1117 237 1227 2367 ed, rose in wild unison up to the Tom-an-Lo-
1263 239 1374 2371 nach, from which the Glover viewed the spec-
1405 237 1517 2365 tacle. The galley which headed the procession,
1552 234 1664 2372 bore on its poop a species of scaffold, upon which,
1696 236 1808 2369 arrayed in white linen, and with the face bare,
1843 239 1953 2371 was displayed the corpse of the deceased Chief-
1988 237 2089 2372 tain. His son, and the nearest relatives, fill-
2135 240 2243 2375 ed the vessel, while a great number of boats,
2282 240 2392 2371 of every description that could be assembled,
2426 240 2539 2374 either on Loch Tay itself, or brought by land
2573 240 2683 2375 carriage from Loch Earn and otherwise, fol-
2721 237 2831 2377 lowed in the rear, some of them of very frail
2867 243 2980 2375 materials. There were even curraghs, com-
3013 243 3127 2374 posed of ox-hides stretched over hoops of wil-
3157 237 3262 2379 low, in the manner of the ancient British; and
3307 243 3391 2375 some committed themselves to rafts formed for
3451 244 3552 2377 the occasion, from the readiest materials that
3597 246 3708 2377 occurred, and united in such a precarious man-
3745 243 3854 2375 ner as to render it probable, that, before the ac-
3887 246 4001 2377 complishment of the voyage, some of the clans-
4033 241 4143 2377 men of the deceased might be sent to attend their
4180 262 4294 1739 Chieftain in the world of spirits.
512 1447 592 1626 320
763 452 880 2596 ward to support his foster-father in the terrible
908 453 1027 2599 struggle, ere some other of the Clan Chattan
1055 452 1170 2596 should come up. When he was within five
1201 454 1320 2594 yards, and sternly determined to take his share
1348 458 1461 2604 in the death-fight, his foster-father fell, cleft
1497 463 1605 2594 from the collar-bone wellnigh to the heart,
1641 464 1752 2601 and murmuring with his last breath, Bas air
1787 463 1896 2598 son Eachin ! - The unfortunate youth saw the
1931 467 2030 2607 fall of his last friend, and at the same moment
2076 467 2189 2607 beheld the deadly enemy who had hunted him
2226 472 2340 2608 through the whole field, standing within sword's
2373 473 2493 2608 point of him, and brandishing the huge wea-
2518 470 2638 2604 pon which had hewed its way to his life through
2665 476 2780 2608 so many obstacles. Perhaps this was enough
2810 479 2924 2614 to bring his constitutional timidity to its high-
2957 482 3073 2613 est point; or perhaps he recollected at the
3100 480 3193 2614 same moment that he was without defensive
3241 476 3376 2615 armour, and that a line of enemies, halting in-
3391 477 3504 2619 deed and crippled, but eager for revenge and
3536 483 3646 2618 blood, were closely approaching. It is enough
3680 482 3799 2615 to say, that his heart sickened, his eyes darken-
3826 484 3936 2615 ed, his ears tingled, his brain turned giddy-all
3972 479 4081 2614 other considerations were lost in the apprehen-
4114 486 4224 2613 sion of instant death; and drawing one ineffec-
