2152 3085
117 997 176 1106 76
217 294 294 1904 „Jch bemerkte auch in Eurem Saale,“ fuhr der Han-
288 179 362 1910 delsmann ſort, „einen Helm, der auf ſeinem Kamme eben
360 180 438 1908 dies Wahrzeichen trägt. Es iſt jener Helm, wie ich vermuthe,
430 181 507 1908 eine Tropäe des Triumphes der Schweizer Landleute über
498 179 575 1909 die Edlen von Geierſtein, etwa ſo wie der engländiſche Bo-
570 182 651 1908 gen zum Gedächtniß der Schlacht bei Buttisholz aufbewahrt
646 216 706 428 ward?“
711 295 787 1904 „Ihr möchtet, lieber Herr, wie ich bemerkte,“ ſagte der
782 179 860 1905 Landammann, „in Folge der Vorurtheile Eurer Erziehung,
853 183 931 1905 den Einen Sieg mit ſo unangenehmen Gefühlen wie den An-
924 188 1000 1906 dern betrachten. - Sonderbar, daß die Ehrerbietung gegen
995 186 1070 1905 Stand und Rang nicht einmal in den Gemüthern derer aus-
1066 178 1142 1904 zurotten iſt, die kein Recht haben können, je Theil an ſolchem
1135 183 1214 1905 Stande und Range zu nehmen! Allein zieht Eure geſenkten
1206 181 1283 1903 Augenbraunen in die Höhe, mein werther Gaſt, und ſeyd
1278 180 1356 1904 verſichert, daß obwohl, als die Schweiz die Bande der Lehns-
1349 178 1422 1902 ſklaverei abſchüttelte, manches ſtolzen Barons Schloß durch
1416 180 1496 1898 die gerechte Rache eines gereizten Volkes geplündert und zer-
1487 181 1562 1901 ſtört ward, ſolches doch nicht das Schickſal des Geierſteins
1557 182 1635 1897 war. Das Blut der alten Beſitzer dieſer Thürme fſließt noch
1629 189 1703 1565 in den Adern deſſen, der dieſe Ländereien beſitzt.“
1699 294 1777 1897 „Wie habe ich das zu verſtehen, Herr Landammann?"
1768 182 1848 1902 fragte Philipſon. „Seyd Ihr nicht ſelbſt Beſitzer diefer Ge-
1838 219 1915 423 gend?“
1911 293 1990 1898 „Und wahrſcheinlich denkt Ihr," verſetzte Arnold, „ich
1979 180 2057 1898 könne nicht von altadelichem Geſchlecht abſtammen, weil ich
2051 179 2131 2044 gleich andern Hirten lebe, weil ich ein ſelbſt geſponnen und
2122 182 2200 1900 ſelbſtgewebtes Gewand trage und den Pflug mit eigener
2192 181 2272 1898 Hand lenke? Dieſe Kantone zählen manchen adlig entſtamm-
2264 177 2343 1899 ten Landmann, Herr Handelsmann, auch gibt es keinen äl-
2335 179 2409 1899 teren Adel als den, von welchem die Ueberreſte in meinem
2403 177 2481 1895 Vaterlande gefunden werden. Allein dieſe Edeln haben frei-
2475 180 2557 1893 willig dem bedrückenden Theile ihrer Lehnsgewalt entſagt,
2547 180 2623 1895 und werden nicht mehr als Wölfe unter der Heerde, ſondern
2611 182 2700 1894 als wachſame Hofhunde angeſehen, die zur Friedenszeit die
2678 183 2768 1928 Schaafe geleiten und zu deren Schutze bereit ſind, ſobald
2747 201 2829 1173 Rrieg unſere Gemeinde bedräuet.“
94 983 151 1188 92
298 628 377 1363 Sechstes Kapitel.
403 553 464 1685 Wir treffen uns wie zwei gewalt'ge Ströme,
456 550 519 1747 Wie Gegenſtürm' und zweigeſpaltne Flammen,
509 547 589 1730 Die gegenseit'ge Wuth zu prüfen. Selbst
563 548 625 1726 Der Elemente Streit, wär' er zu lenken,
617 555 679 1632 Nicht bändigt' er des Menſchen Zorn --
670 1508 726 1787 Frenaud.
748 275 838 1884 Der ältere von unſeren beiden Reiſenden ſchlief, wiewohl
830 165 907 1881 er ein ſtarker und mit Anſtrengungen vertrauter Mann war,
903 155 980 1885 feſter und länger als gewöhnlich an dem Morgen, der jetzt
973 162 1052 1880 zu dämmern begann, allein ſeinem Sohne Arthur lag etwas
1045 165 1124 1879 am Herzen, wodurch deſſen Schlummer frühzeitig unterbro-
1121 198 1193 488 chen ward.
1187 271 1264 1876 Das Zuſammentreffen mit dem kecken Schweizer, einem
1260 161 1335 1877 tüchtigen Abkömmlinge aus einem berühmten Kriegerſtamme,
1331 162 1406 1877 war eine Obliegenheit, die nach der Meinung der Zeit, in
1401 161 1475 1871 welcher Arthur lebte, weder verzögert noch vermieden werden
1471 160 1546 1877 durfte. Er entwich von der Seite ſeines Vaters, indem er
1542 163 1621 1875 ſo viel wie möglich es vermied, denſelben zu ſtören, obgleich
1613 162 1686 1872 auch in ſolchem Falle ſein Frühaufftehen weiter kein Beden-
1685 162 1762 1871 ken erregt haben würde, indem Philipſon es gewohnt war,
1755 163 1834 1873 daß ſein Sohn zeitig bei der Hand war, um Zurüſtungen
1826 161 1905 1872 zur Weiterreiſe zu treffen, um nachzuſehen, daß der Maul-
1898 163 1975 1873 thiertreiber ſeine Pflicht thäte, daß das Thier ſein Recht be-
1970 161 2046 1873 käme und was dergleichen Beſorgungen mehr waren, die ſonſt
2040 158 2130 1943 ſeinem Bater zur Laſt gefallen waren. Jedoch der alte Mann
2111 157 2190 1870 den die Anſtrengungen des geſtrigen Tages ermüdet hatten,
2184 157 2262 1871 ſchlief, wie wir erwähnt haben, feſter als er ſonſt zu thun
2254 157 2333 1871 pſlegte, und Arthur, der ſein gutes Schwert anlegte, ſchritt
2326 156 2405 1867 über den Raſen, der vor des Landammanns Wohnung ſich
2398 155 2474 1868 dehnte, durch den zauberiſchen Schimmer eines ſchönen Herbſt-
2469 168 2546 1391 morgens auf den Schweizergebirgen dahin.
2537 261 2628 2034 Die Sonne küßte eben die Spitze des riefigſten jener Ti-
2610 157 2688 1997 tanenberge, ſo daß die langen Schatten noch auf dem Ried-
2680 160 2758 1998 graſe lagerten, das unter des Jünglings Füßen mit ſtarker
2749 162 2854 1989 Andeutung von Froſt ſich krümmte. Allein Arthur blickte
117 975 198 1173 145
237 187 339 1886 mindeſtens hoffen ließ, einen Schimmer von Licht auf das-
312 220 387 661 ſelbe zu werfen.
362 299 460 1882 Beharrlich in dieſem Vorſatze ſchritt er, Wacht haltend,
452 188 532 1885 auf und ab, die Blicke auf den Punkt des Waldes geheftet,
524 130 600 1887 wo er die geliebte Geſtalt hatte verſchwinden ſehen, wobei
595 189 672 1887 er für den Augenblick vergaß, daß ſein Poſten noch andere
665 150 744 1980 Zwecke hätte, als den, die Rückkehr der Erſcheinnng zu er-
738 193 813 1957 warten. Allein aus dieſer Abſonderung ſeines Geiſtes ward
808 193 882 1888 er bald durch einen fernen Ton im Walde aufgeſchreckt, der
879 189 956 1888 wie Waffengeklirr erklang. Plötzlich zum Bedenken ſeiner
950 188 1026 1889 Pflicht zurückgeführt, einer Pflicht, die für ſeinen Vater und
1019 187 1097 1889 ſeine Reiſegenoſſen wichtig war, ſtellte Arthur ſich auf die
1092 188 1166 1889 Rothbrücke, wo ſich's am beſten Halt machen ließ, und wen-
1162 187 1240 1998 dete Augen und Ohren nach der Gegend, von wannen Ge
1233 189 1311 1889 fahr fich nahen möchte. Das Geklirr kam näher, Fußtritte
1306 189 1381 1889 wurden hörbar - Speere und Helme wurden am grünen
1375 164 1446 1889 Waldende ſichtbar und blinkten im Mondlicht. Allein die
1447 191 1523 1888 ſtattliche Geſtalt Rudolphs vom Donnerhügel, der an der
1519 192 1595 2005 Spitze der Schaar ſchritt, ward bald kenntlich, und verkün-
1590 164 1662 2022 dete unſerer Schildwacht die Heimkehr der Wachrunde. Bei
1662 194 1736 1887 deren Annäherung ward der Feldruf gewechſelt und Zeichen
1733 192 1808 1885 und Gegenzeichen gehörig gegeben, wie es bei dergleichen
1803 194 1879 1886 Gelegenheit üblich iſt; und als Rudolphs Begleiter einzeln
1873 196 1950 1886 in das Schloß einzogen, erhielten ſie Befehl, ihre Kamera-
1943 192 2021 1886 den zu wecken, mit denen er die Runde auf's neue zu machen
2016 197 2092 1885 gedächte; auch zugleich Arthur Philipſon ablöſen zu laſſen,
2086 195 2162 1887 deſſen Wachtdienſt auf der Brücke ein Ende hätte. Dieſer
2157 192 2236 1991 lezte Umſtand ward durch den dumpfen und fernen Hall der
2228 196 2305 1989 Münſterglocke in der Stadt Baſel beſtätigt, die, ihren düſtern
2299 198 2393 1884 Sang weit über Forſt und Feld verſendend, ankündigte
2371 218 2446 1066 daß Mitternacht vorüber war.
2422 311 2517 1884 „Und nun, Kamerad,“ fuhr Rudolph zu dem Engländer
2509 202 2587 1884 fort, „haben Nachtluft und langes Wachthalten Dich beftimmt,
2577 204 2659 1886 zu Speiſe und Schlaf zurückzukehren, oder blieb Dir noch
2653 225 2729 1096 Luſt, die Runde mitzumachen?“
