2533 3487
238 1232 301 1322 80
408 288 499 2265 ſüßer Geruch ſein, und mit ihrer Hülfe wollen wir dem Zau-
493 288 577 2266 ber und der Verführung entgegenwirken, worein ſich unſer
588 287 661 2267 Bruder verſtrickt hat. Er ſoll die Banden dieſer Delila zer-
674 238 752 2268 reißen, wie Simſon die neuen Stricke zerriß, womit ihn die
762 286 839 2409 Philiſter gebunden hatten, aber die ſchändliche Zauberin, wel-
847 247 928 2396 che ihre Bezauberungen bei einem Mitgliede des heiligen Tem-
938 291 1013 2069 pels angewendet hat, ſoll ſicherlich des Todes ſterben.“
1025 397 1101 2263 „Aber die engliſchen Geſetze“ - ſagte der Präceptor, der
1111 286 1195 2266 ſich zwar freute, daß der Zorn des Großmeiſters ſich ſo glück-
1190 287 1276 2266 lich von ihm und Bois-Guilbert abgewendet habe, doch aber
1287 305 1364 1543 fürchtete, er möge ihn zu weit führen.
1374 398 1452 2264 „Die engliſchen Geſetze,“ erwiderte Beaumanoir, „erlauben
1459 288 1538 2267 und ermächtigen jeden Richter innerhalb ſeiner Iurisdiction
1549 288 1626 2268 Gerechtigkeit zu üben. Der geringſte Edelmann kann eine
1634 289 1713 2267 auf ſeinem Gebiete gefundene Hexe verhaften und nach der
1720 288 1800 2268 Unterſuchung verurtheilen. Wie ſollte man dem Großmeiſter
1812 288 1889 2267 des Tempels innerhalb des Präceptoriums ſeines Ordens
1899 289 1987 2267 dieſes Recht verweigern? Nein Wir wollen urtheilen und
1987 291 2064 2268 verdammen. Bereite die Schloßhalle zu dem Prozeſſe der
2077 325 2149 805 Zauberin vor.“
2160 400 2240 2261 Albert Malvoiſin verbeugte ſich und ging - nicht um Be-
2249 289 2326 2265 fehle zu geben, die Halle in Bereitſchaft zu halten, ſondern
2336 290 2412 2266 um Bois-Guilbert aufzuſuchen, und ihm mitzutheilen, wie die
2425 292 2500 2264 Sachen wahrſcheinlich enden würden. Er fand ihn bald,
2509 290 2597 2267 ſchäumend vor Unwillen wegen einer Zurückweiſung, die er
2599 292 2674 2266 wieder von der ſchönen Iüdin erfahren hatte. „Die Undank-
2686 290 2765 2261 bare,“ ſagte er, „den zurückzuweiſen, der unter Blut und
2774 288 2850 2264 Flammen ihr Leben mit Gefahr ſeines eigenen würde gerettet
2862 289 2939 2265 haben! Beim Himmel, Malvoiſin! ich blieb da, bis Balken
2950 294 3024 2265 und Sparren um mich her krachten. Ich war das Ziel von
3029 294 3120 2264 hundert Pfeilen; ſie raſſelten an meiner Rüſtung, gleich Schloßen
192 1046 282 1382 167
378 428 458 2285 „Und Ihr habt mich gefunden,“ ſagte Cedric, „bereit un-
467 323 546 2290 ſere edlen Pläne für Ehre und Freiheit wieder aufzunehmen.
554 318 632 2292 Ich ſage Dir, es tagt kein Morgen wieder ſo günſtig, als der
641 324 720 2289 uächſte ſür die Befreiung des edlen Stammes der Sachſen!“
727 432 807 2364 „Rede mir nicht von Iemandes Befreiung,“ ſagte Athel-
811 322 893 2289 ſtane; „ich bin eher geſonnen den ſchändlichen Abt zu züchti-
901 320 980 2287 gen. Er ſoll hängen auf der oberſten Spitze dieſes Schloſſes
988 326 1064 2289 von Coningsburgh in ſeiner Kutte und Stola; und ſind die
1074 324 1153 2288 Treppen zu enge für ſeinen fetten Leichnam, ſo laſſe ich ihn
1164 343 1236 1160 vou außen hinaufziehen.“
1249 426 1329 2283 „Aber, mein Sohn,“ ſagte Editha, „bedenke doch ſein hei-
1336 359 1417 726 liges Amt.“
1421 426 1505 2284 „Bedenkt doch mein dreitägiges Faſten,“ verſetzte Athelſtane;
1507 318 1589 2290 „ſie ſollen mir Alle bluten, Front-de-Boeuf wurde wegen weit
1596 319 1677 2286 weniger lebendig verbrannt, denn er hielt für ſeine Gefangenen
1683 323 1761 2286 einen guten Tiſch, nur zu viel Knoblauch war zuletzt in der
1770 317 1847 2284 Suppe. Aber dieſe undankbaren, heuchleriſchen Schurken, ſo
1856 230 1934 2290 oſt ſelbſt eingeladene Schmeichler an meinem Tiſche, die mir
1943 319 2023 2285 nicht einmal eine Suppe, wenn auch mit Knoblauch geben
2029 313 2106 2285 wollten. - Nein, dieſe müſſen hängen, bei Hengiſts Seele!“
2118 429 2195 2114 „Aber der Papſt, mein edler Freund,“ ſagte Cedric.
2204 423 2282 2280 „Aber der Teufel, mein edler Freund,“ verſetzte Athelſtane,
2291 316 2369 2282 „ſie müſſen ſterben, und nun nichts mehr von ihnen. Wären
2377 319 2455 2281 ſie auch die beſten Mönche auf Erden, die Welt würde doch
2467 333 2541 1092 auch ohne ſie beſtehen.“
2549 422 2629 2280 „Schämt Euch, edler Athelſtane,“ ſagte Cedrie, „vergeſſet
2637 314 2716 2279 ſolche Elende bei der ehrenvollen Laufdahn, die ſich Euch auf-
2723 304 2802 2281 ſchließt. Sage dieſem normänniſchen Fürſten, Richard von Anjou,
2812 314 2889 2279 daß, ſo löwenherzig er auch iſt, er den Thron Alfreds nicht ohne
2897 309 2976 2279 Widerſpruch behaupten wird, ſo lange noch ein Abkömmling
2984 310 3064 2277 des heiligen Bekenners lebe, der ihn ihm ſtreitig machen könne.“
317 1269 379 1401 194
491 335 569 2314 Wamba trug an dieſem Tage eine neue Kappe und einen un-
576 348 665 2322 geheuren Schmuck von ſilbernen Glöckchen. So wie ſie Wil-
666 347 749 2323 freds Unglück und Gefahren redlich getheilt hatten, blieben ſie
743 355 835 1922 auch im Gllück ſeine Theilnehmer und Gefährten.
840 421 917 2322 Außer dieſem Dienergefolge wurde dieſe Hochzeit auch ver-
928 347 1007 2321 herrlicht durch den Beſuch vornehmer Normänner und Sachſen,
1015 347 1095 2321 die den allgemeinen Iubel der niedern Stände theilten, welche
1099 346 1180 2323 in dieſer Verbindung ein Pfand künftigen Friedens zwiſchen
1190 341 1271 2513 zwei Geſchlechtern erblickten, die ſich ſeit der Zeit ſo vollkom-
1273 340 1369 2513 men vermiſcht haben, daß ſich kein Unterſchied mehr erkennen läßt.
1362 340 1462 2513 Cedric lebte noch ſo lange, die Anyäherung dieſer Vereinigung
1449 339 1539 2513 zu bemerken; allein erſt unter der Regierung Eduards des
1532 339 1626 2513 Dritten wurde die vermiſchte Sprache, die ietzt Engliſch heißt,
1619 340 1716 2513 am Hofe zu London geſprochen, ſo wie auch erſt von der Zeit
1709 339 1828 2513 an der feindliche Unterſchied zwiſchen Normannen und Sachſen
1802 363 1879 1546 gänzlich verſchwunden zu ſein ſcheint.
1861 449 1981 2511 Am zweiten Morgen nach ihrem Hochzeitstage wurde der Lady
1971 336 2050 2513 Rowena von ihrer Zofe Elgitha gemeldet, daßein junges Mädchen
2061 344 2137 2316 da ſei, welches mit ihr ohne Zeugen zu ſprechen wüuſche. Rowena
2147 345 2224 2317 wunderte ſich darüber, wurde aber neugierig, ließt das Mäd-
2234 343 2314 2321 chen hereinkommen und befahl ihren Leuten, ſich zu entfernen.
2322 394 2395 2326 Die Fremde trat ein - eine edle, impoſante Geſtalt. Der
2410 342 2487 2327 lange weiße Schleier, der ſie umſloß, beſchattete mehr die An-
2496 341 2575 2328 muth und Majeſtät ihres Weſens, als daß er ſie verhüllte. Ihr
2581 341 2659 2323 Benehmen war höchſt achtungsvoll, doch ohne den mindeſten
2669 281 2748 2325 Schatten von Furcht, oder das Beſtreben, ſich Rowena's Gunſt
2754 342 2837 2325 zu erwerben. Rowena war ſtets bereit, fremde Anſprüche an-
2842 342 2923 2325 zuerkennen und fremde Gefühle zu theilen. Sie ſtand auf, und
2930 345 3012 2328 würde ſogleich die liebenswürdige Fremde zu einem Sitze ge-
3015 345 3091 2326 ſührt haben, allein ſie ſah Elgitha an, nnd änßerte abermals
3098 345 3189 2503 den Wunſch, mit Lady Rowena allein zn reden. Elgitha war
