2804 4558
526 612 595 742 192
548 1214 637 1722 WOODSTOCK.
709 568 806 2339 ty. It was even for this reason that I pressed
828 566 924 2342 you to accept of your nephew's proposal to re-
946 567 1042 2343 turn to the old Lodge, where a hundred men
1066 566 1163 2345 might be concealed, though a thousand were
1185 568 1281 2345 making search to discover them. Never such a
1305 566 1404 2345 place for hide-and-seek, as I shall make good
1425 570 1521 2347 when I can find means to publish my Wonders
1544 600 1620 1178 of Woodstock."
1663 665 1761 2339 "But, my son - my dear son," said the knight,
1781 572 1884 2389 "shall I not then instantly see him! and where-
1894 572 1998 2350 fore did you not forewarn me of this joyful
2024 608 2092 890 event?"
2140 664 2224 2352 "Because I was uncertain of his motions,"
2252 570 2345 2493 said the doctor," and rather thought he was
2368 571 2457 2352 bound for the sea-side, and that it would be best
2472 564 2584 2728 to tell you of his fate when he was safe on board,
2606 575 2702 2358 and in full sail for France. We had appointed
2725 577 2823 2356 to let you know all when I came hither to-night
2846 580 2942 2357 to join you. But there is a red-coat in the house
2966 578 3042 2461 whom we care not to trust farther than we could
3084 582 3179 2356 not help. We dared not, therefore, venture in by
3203 588 3300 2358 the hall; and so, prowling round the building,
3323 590 3418 2354 Albert informed us, that an old prank of his,
3444 591 3541 2357 when a boy, consisted of entering by this win-
595 1080 651 1506 WOODSTOCK
578 2018 652 2155 137
758 406 858 2183 swered Everard. "And yet, Master Holdenough,
875 404 975 2187 if the other world has been actually displayed,
997 406 1093 2193 as you apprehend, and I will not dispute the pos-
1113 408 1209 2191 sibility, assure yourself, there are also wicked
1233 404 1330 2198 men concerned in these machinations. I myself
1351 407 1447 2192 have undergone some rencontres with visitants
1469 407 1568 2188 who possessed bodily strength, and wore, I am
1588 428 1687 1288 sure, earthly weapons"
1709 492 1806 2190 "Oh! doubtless, doubtless," replied Master
1826 410 1922 2190 Holdenough; "Beelzebub loves to charge with
1941 406 2036 2192 horse and foot mingled, as was the fashion of the
2057 406 2156 2192 old Scotch general, Davie Leslie. He has his
2177 408 2276 2189 devils in the body as well as his devils disembo-
2299 406 2396 2187 died, and uses the one to support and back the
2419 442 2490 687 other."
2538 497 2633 2183 "It may be as you say, reverend sir," answer-
2653 407 2744 2188 ed the Colonel.- "But what do you advise in
2773 444 2844 848 this case?"
2881 500 2978 2190 "For that I must consult with my brethren,"
3001 410 3092 2190 said the divine; "and if there be but left in our
3117 409 3212 2187 borders five ministers of the true kirk, we will
3240 412 3342 2189 charge Satan in full body, and you shall see whe-
3356 413 3464 2231 ther we have not power over him to resist till he
