2533 3497
208 1224 286 1383 119
372 321 474 2298 Die Bürger der Stadt, oder, wie ſie lieber ſagten, der
484 323 560 2299 guten Stadt Perth, hatten ſeit mehreren Generationen einen
568 322 647 2299 Beſchützer und Oberrichter ſolcher Art in dem edlen Hauſe der
658 317 733 2298 Charteris, Herren von Kinfauns, in der Nähe der Stadt ge-
745 318 821 2299 funden. Kaum ein Jahrhundert (zur Zeit Roberts III.) war
833 318 911 2298 verſchwunden, ſeit der Erſte dieſer ausgezeichneten Familie ſich
919 319 997 2297 auf dem feſten Schloſſe niedergelaſſen hatte, das ihm damals
1003 323 1083 2294 gehörte, ſo wie das maleriſche und fruchtbare Gebiet ringsum.
1092 323 1172 2345 Aber die Geſchichte deſſen, der ſich ſo angeſiedelt hatte, an
1182 318 1264 2295 ſich ſchon ritterlich und romantiſch, war geeignet, die Nieder-
1267 322 1350 2293 laſſung eines Fremden in dem Lande zu erleichtern, wohin
1353 320 1432 2297 das Schickſal ihn geführt hatte. Wir erzählen ſie, wie ſie
1443 316 1520 2293 eine alte Sage gibt, welche große Wahrſcheinlichkeit hat und
1525 319 1608 2293 vielleicht begründet genug iſt, um in ernſteren Geſchichtsbü-
1619 327 1694 1910 chern, als das vorliegende, eine Stelle zu ſinden.
1703 429 1780 2292 Während der kurzen Laufbahn des berühmten Patrioten
1789 321 1867 2290 Sir William Wallace, und als ſeine Waffen für eine Zeit
1878 318 1956 2294 lang die engliſchen Eindringlinge aus ſeinem Vaterlande ver-
1962 322 2052 2293 trieben hatten, ſoll er mit einigen vertrauten Freunden eine
2046 318 2128 2290 Fahrt nach Frankreich unternommen haben, um zu verſuchen,
2136 317 2214 2293 ob ſeine perſönliche Gegenwart (denn er war in allen Län-
2221 316 2304 2294 dern ſeiner Tapferkeit wegen geachtet) den König von Frank-
2310 307 2390 2293 reich beſtimmen könnte, ein Corps Hülfstruppen nach Schott-
2396 317 2477 2289 land zu ſchicken, oder einen andern Beiſtand, um den Schot-
2484 315 2564 2286 ten zu Wiedergewinnung ihrer Unabhängigkeit zu verhelfen.
2570 427 2652 2285 Der ſchottiſche Held befand ſich an Bord eines kleinen
2658 306 2739 2289 Fahrzeugs und ſteuerte nach dem Hafen von Dieppe, als in
2747 316 2824 2287 der Ferne ein Segel erſchien, welches die Seefahrer anfangs
2836 344 2912 1065 mit Furcht und Beſorg
2922 347 2995 1054 Schrecken betrachteten.
3007 346 3084 1067 stürzung rühre, unter
197 1144 258 1275 140
371 219 448 2188 Sage, welche Harry Gow zu verbreiten beliebte; denn obwohl
459 219 535 2196 ihm wenig an der Sache lag, hatte er doch immer an der
545 216 621 2194 Wahrheit der romantiſchen Thaten des Strumpfwirkers ge-
630 218 709 2190 zweifelt, die er nun doch in gewiſſem Grade für richtig halten
714 214 804 2192 mußte. Der ſchlaue alte Glover durchſchaute die Sache beſſer.
806 323 880 2188 „Ihr werdet den armen Strumpfwirker toll machen,“
891 211 968 2190 ſlüſterte er Harry zu; „er wird mit ſeiner Klapper lärmen,
978 216 1055 2193 als wär's eine Stadtglocke an einem Freudenfeſte, während er
1068 219 1144 2191 der Ordnunng und des Anſtandes wegen ganz ſtill ſein ſollte.“
1156 323 1233 2187 „O, bei unſrer lieben Frau, Vater,“ erwiederte der
1241 218 1318 2189 Schmied, „ich liebe den armen kleinen Prahlhans, und mag
1329 217 1404 2189 nicht daran denken, ihn reuig und ſchweigend beim Ober-
1417 216 1491 2190 richter zu ſehen, während alle Uebrigen und beſonders der
1502 233 1579 1533 giftige Apotheker ihre Meinung ſagten.“
1591 323 1668 2190 „Du biſt ein allzuguter Burſche, Harry,“ antwortete Si-
1677 218 1753 2197 mon. „Merk' aber den Unterſchied zwiſchen dieſen beiden
1764 216 1854 2194 Männern. Der harmloſe kleine Strumpfwirker nimmt die
1848 217 1930 2191 Miene eines Drachen an, um ſeine natürliche Feigheit zu ver-
1940 217 2016 2193 ſtecken, während der argliſtige Apotheker ſich bemüht, ſchüch-
2025 216 2113 2192 tern, muthlos und beſcheiden zu ſcheinen, um ſeine gefährliche
2106 219 2198 2188 Gemüthsart zu bergen. Die Natter iſt nicht minder tödtlich,
2202 219 2279 2188 weil ſie unter einen Stein kriecht. Ich ſage Dir, Sohn Harry,
2287 216 2364 2188 daß, bei all ſeinen kriechenden Blicken und ſchüchternen Worten,
2375 217 2451 2185 dies elende Gerippe Unheil mehr liebt, als es Gefahr fürchtet.
2463 219 2551 2188 - Aber hier ſtehen wir vor des Oberrichters Schloß. Und
2545 214 2625 2192 Kinfauns iſt ein ſtattlicher Ort, und es gereicht der Stadt
2638 216 2715 2192 zum Vortheil, den Eigner eines ſo tüchtigen Schloſſes zur
2725 238 2801 1436 oberſten Magiſtratsperſon zu haben.“
2787 326 2892 2206 „In der That eine hübſche Burg,“ ſagte der Schmied,
2898 224 2977 2189 auf den breitfluthenden Tay blickend, der unter der Höhe hin-
2986 218 3065 2288 floß, worauf das Schloß ſtand, gleich ſeinem modernen Nach-
177 1135 239 1265 144
335 215 440 2187 rettete. Aber hier kommt endlich der Wein. Schenkt meinen
437 217 514 2188 guten Freunden und Gäſten ein, bis es überläuft. Auf das
524 221 600 2190 Wohl von St. Johnſton und ein fröhlicher Willkomm Euch
612 221 690 2190 Allen, meine wackern Freunde! Und nun ſetzt Euch und eßt
700 218 801 2202 einen Biſſen, denn die Sonne ſteht hoch und Ihr muntern
785 231 864 1614 Leute werdet lange nichts genoſſen haben.“
870 325 949 2208 „Bevor wir eſſen, Mylord Oberrichter,“ ſagte der Bailie,
961 218 1037 2190 „laßt uns den dringenden Grund unſeres Kommens berichten,
1049 238 1123 1479 welchen wir noch nicht berührt haben.“
1135 328 1210 2191 „Nein, ich bitte, Bailie,“  ſagte der Oberrichter, „laßt das,
1218 222 1299 2193 bis Ihr gegeſſen habt. Eine Beſchwerde gegen die übermü-
1309 222 1387 2196 thigen Jackmen und Diener der Edeln, die in den Straßen
1393 226 1472 2194 der Stadt Ball ſpielten, oder ſonſt ſo eine hübſche Sache?“
1480 332 1562 2192 „Nein, Mylord,“  ſagte Craigdallie ernſt und feſt. „Die
1569 197 1659 2198 Herren der Jackmen ſind's, über die wir klagen, weil ſie Ball
1655 224 1736 2200 mit der Ehre unſerer Familien ſpielten, und ſo wenig Umſtände
1745 224 1823 2198 mit unſrer Töchter Schlafkammern machen, als wären ſie in
1830 227 1923 2198 einem Bordel zu Paris. Eine Schaar Nachtſchwärmer, -
1917 226 1999 2200 Hofleute und Männer von Rang, wie nur zu viel Grund zu
2007 229 2088 2197 glauben iſt, - verſuchten in letzter Nacht die Fenſter in Si-
2095 229 2174 2199 mon Glovers Hauſe zu erſteigen; ſie ſtanden mit gezogenen
2182 228 2263 2198 Wehren zu ihrer Vertheidigung, als ſie durch Harry Schmied
2272 229 2351 2198 geſtört wurden, und ſie kämpften, bis ſie von den erwachten
2363 253 2437 1204 Bürgern vertrieben wurden.“
2434 338 2527 2200 „Wie?“ ſagte Sir Patrick, den Becher niederſetzend, den
2531 234 2610 2201 er eben erheben wollte. „Teufel, beweist mir das, und bei
2619 235 2698 2203 der Seele Thomas von Longueville's, mit meiner beſten Macht
2704 235 2783 2203 will ich Euch beiſtehen und ſollt' es mir Leben und Land ko-
2791 234 2881 2203 ſten. - Wer bezeugt das? - Simon Glover, man kennt
2881 237 2959 2205 Euch als ehrlichen und behutſamen Mann - nehmt Ihr die
2967 244 3048 1943 Wahrheit dieſer Beſchuldigung auf Euer Gewiſſen?“
