3511 5055
269 1061 372 2330 Ende gut, Alles gut. Akt 1.
272 3015 344 3149 913
425 166 493 2890 wie ein Geſchmeide und ein Zahnſtocher, den man Zu zeigen ihr Verdienſt, die Lieb' geflohn?
482 159 548 3124 nicht mehr trägt; eure Schminke paßt beſſer zu eurer Des Königs Krankheit — trügen auch Gedanken —
536 158 602 3126 Torte und zu eurer Snppe, alls auf eure Wange, und Doch ſteht mein Vorſatz feſt, ich will nicht wanken.
592 196 657 1732 eure Jungfernſchaft, eure alte Jungfernſchaft, iſt gleich
649 194 712 1733 einer pon unſern franzöſiſchen gedörrten Birnen; ſie
702 194 768 1733 ſtieht übel aus, ſie nährt ſchlecht; wahhaftig, 's i
757 193 823 1791 eine welke Birne: ſie war vormals beſſer, wirklich;
810 195 898 1733 doch, ſie ist eine welke Birne. Was wolltet ihr damit
866 225 927 503 anfangen?
906 278 1016 1731 Hel. Noch kam's nicht ſo weit mit meiner Jung-
975 222 1034 584 fräulichkeit.
1029 204 1094 1441 Eu'r Herr wird tauſend dort zu lieben haben,
1082 204 1148 1299 'ne Mutter und Geliebte, einen Freund,
1138 204 1203 1388 Und Phönix, einen Feldherrn, einen Feind:
1192 208 1257 1237 Und Führerin, Göttin, Beherrſcherin,
1247 202 1312 1300 Rathgeberin, Verrätherin; was Liebes;
1302 200 1367 1430 Demüth'gen Stolz und ſeine ſtolze Demuth;
1356 200 1424 1514 Mißton'gen Wohllaut und den ſüßen Mißklang;
1413 201 1480 1414 Treu' und erwünſchten Unſtern; eine Menge
1466 205 1531 1316 Art'ger, verliebter Namen, wo Gevatter
1520 205 1585 1401 Der blinzelnde Cupid. Alsdann wird er —
1575 195 1643 1693 Ich weiß nicht, was er wird; — Gott ſchenk' ihm
1632 1173 1690 1401 Heil! —
1683 202 1748 1355 Der Hof iſt ein lehrreicher Ort, und er —
1738 300 1800 820 Par. Was iſt ier?
1794 282 1857 1572 Hel. Dem ich wohl will. — Es iſt Schade —
1847 299 1904 957 Par. Was iſt Schade?
1902 282 1965 1588 Hell. Daß körperlich nicht Segenswünſche ſind,
1954 202 2021 1451 Micht ſühlbar, und daß wir (zu arm geboren,
2011 200 2074 1564 Auf Wünſche nur beſchraͤnkt von unſerm Unſtern),
2066 144 2129 1443 Nicht folgen können mit des Wunſch's Erfolg
2120 199 2186 1485 Dem Freund; zu zeigen, was wir nur gedacht,
2177 212 2228 1069 Und was man uns kaum dankt,
2280 558 2341 1223 Ein Page tritt ein,
2365 280 2432 1690 Page. Monſieur Parolles, mein Herr rief nach
2422 234 2483 360 euch.
2480 1360 2531 1616 (Geht ab.)
2537 281 2605 1688 Par. Niedliche Helena, leb' wohl; kann ich mich
2594 195 2661 1692 auf dich beſinnen, ſo will ich bei Hof an dich denken.
2647 269 2714 1690 Hel. Monſieur Parolles, ihr ſeid unter einem
2703 214 2765 902 günſtigen Stern geboren.
2757 292 2818 1120 Par. Unter'm Mars bin ich.
2810 276 2877 1592 Hel. Das dacht' ich mir wohl, unter'm Mars.
2865 290 2923 1081 Par. Warum unter Mars?
2920 278 2985 1688 Hel. Der Krieg hat euch immer ſo eingenommen,
2977 197 3038 1691 daß ihr nothwendig unter Mars geboren ſein mußtet.
3030 289 3092 1109 Par. Als er herrſchend war.
3084 276 3152 1632 Hel. Als er rückgängig war, denk' ich vielmehr.
3138 287 3200 1116 Bar, Warum denkt ihr das?
3195 275 3260 1688 Hel. Jhr geht ſo ſehr rückwärts, wenn ihr fechtet.
3248 283 3311 1263 Par. Das geſchieht zum Vortheil.
3304 275 3362 1685 Hel. Freilich; ſo auch läuft man fort, wenn Furcht
3359 190 3422 1687 die Rettung, anräth. Aber dieſe Miſchung von Furcht
3413 190 3478 1686 und Tapferkeit in euch, iſt eine Tugend mit guten
3469 193 3531 1654 Flügeln verſehn, und mir gefällt die Tracht wohl.
3522 276 3584 1685 Par. Ich bin ſo voller Geſchäfte — ich kann dir
3577 190 3642 1687 nicht gleich ſcharfſinnig antworten. Jch will als voll-
3634 190 3694 1687 kommner Hofmann zurückkehren; und dann ſoll mein
3687 190 3748 1685 Unterricht dazu dienen, dich zu naturaliſiren, wenn du
3742 189 3805 1687 anders eines Hofmannes Rath wirſt faſſen und verſte-
3797 187 3859 1685 hen können, was dir mein Unterricht anvertrauen wird;
3851 192 3913 1687 ſonſt ſtirbſt du in deiner Undankbarkeit, und deine Un—
3905 191 3968 1687 wiſſenheit rafft dich hinweg; lebe wohl. Wenn du
3960 186 4023 1685 Zeit haſt, ſo ſprich deine Gebete; wenn du keine haſt,
4016 188 4081 1683 denk' an deine Freunde; ſchaff' dir einen guten Mann,
4070 187 4136 1684 und verhalt' dich gegen ihn, wie er ſich gegen dich.
4124 216 4187 605 So leb' wohl.
4186 1349 4241 1607 (Geht ab.)
4247 277 4312 1464 Hel. Es liegen in uns oft die Mittel, die
4303 191 4369 1375 Vom Himmel wir erwartet. Schickſal lieh
4359 196 4421 1384 Uns freie Hand, und hindert dann uns blos
4413 198 4475 1293 Die träge Abſicht, wann wir urtheillos.
4466 193 4533 1451 Weſſ' Macht ſpannt meine Liebe denn ſo hoch,
4521 191 4587 1485 Laßt ſchau'n mein Aug', und unbefriedigt doch?
4576 194 4643 1443 Oft hat, was Schickſal ſchied, Natur gepaart,
4632 189 4695 1565 Macht ungleich gleich, und gleicht verſchiedne Art.
4686 193 4751 1408 Was ungewöhnlich, ſcheint unmögllich jenen,
4741 192 4802 1473 Die nach Erfahrung richten nur, uund wähnen:
4795 196 4862 1460 Was nie geſchah, wird nie. Sucht' eine ſchon
284 323 355 460 918
441 377 506 1777 Gräfin. Nur an den Hof! Ei, welcher Platz dünkt
496 294 564 1781 euch denn höher, wenn ihr den ſo verächtlich betrachtet?
553 315 614 800 Nur an den Hof!
619 375 688 1782 Tölpel. Wahrlich, Ihre Gnaden, hat Gott 'nem
677 290 743 1783 Manne einige Manieren geliehen, ſo kann er ſie bei
733 290 795 1784 Hofe leicht verlieren. Wer keinen Kratzfuß machen, den
788 291 850 1784 Hut nicht ziehen, die Hand nicht küſſen und nichts ſagen
844 293 904 1781 kann, der hat nicht Fuß, Hände, Lippe noch Hut; und
897 293 960 1786 wahrhaftig, ſo ein Kerl wäre, genau genommen, nicht
952 297 1017 1787 für den Hof; doch was mich betrifft, ich hab' 'ne Ant-
1008 311 1068 989 wort, die für Alles paßt.
1076 378 1143 1786 Gräfin. Wahrhaftig, das mag eine vortreffliche
1132 303 1195 1393 Antwort ſein, die auf alle Fragen paßt.
1202 376 1267 1789 Tölpel. Sie iſt gleich eines Barbiers Stuhle, der
1258 292 1323 1791 für alle Hintere recht iſt: den magern, dürren, runden
1314 310 1375 902 — kurz allen Hintern.
1383 376 1451 1785 Gräfin. Wird deine Antwort für alle Fragen paſ—
1439 335 1499 603 ſend ſein?
1509 372 1574 1788 Tölp. So paſſend, wie zehn Kreuzer in die Hand eines
1565 290 1626 1789 Advokaten, wie eure frangöſiſche Krone für ein in Atlas
1619 295 1684 1791 gekleidetes Menſch, wie Gretens Ring für Hanſens Fin—
1674 296 1737 1788 ger, wie ein Pfannkuchen für den Faſtendienſtag, wie
1728 295 1793 1788 ein Mohrentanz zum Maitag, wie der Nagel zu ſeinem
1783 287 1848 1790 Loch, wie der Hahnrei zu ſeinem Horn, wie ein ſchmäh—
1837 290 1902 1788 lendes Weib zu einem zänkiſchen Manne, wie der Nonne
1891 290 1957 1789 Lippe zu des Mönchs Munde; ja, wie die Wurſt zu
1949 321 2011 632 ihrer Haut.
2017 377 2083 1785 Gräfin. Habt ihr, ſag' ich, eine Antwort, die ſo
2076 306 2139 1067 paſſend zu allen Fragen iſt?
2139 374 2209 1785 Tölpel. Vom Herzog bis zum Bettelvoigt paßt ſie
2202 319 2265 747 für alle Fragen.
2269 379 2335 1788 Gräfin. Das muß eine Antwort von, ganz unge-
2326 292 2393 1665 heurer Größe ſein, die für alle Fragen paſſen ſoll.
2397 375 2460 1787 Tölpel. Eine geringe Kleinigkeit, wahrhaftig, wenn
2453 294 2515 1790 die Gelehrten die Wahrheit davon ſagen ſollten: hier
2508 296 2571 1786 iſt ſie und Alles, was dazu gehört. Fragt mich, ob ich
2563 294 2624 1787 ein Cavallier bin. Es würd' euch nichts ſchaden, was
2619 321 2681 587 zu lernen.
2686 384 2751 1788 Grafin. Wieder jung zu werden, wenn's anginge.
2742 292 2807 1788 Ich will ſo thöricht ſein und fragen, in der Hoffnung,
2798 295 2861 1788 durch eure Antwort weiſer zu werden. Saget doch,
2851 308 2916 1229 mein Herr, ſeid ihr ein Cavalier?
2922 326 2987 1790 Tölpel. „O Gott, mein Herr!“ - Das iſt
2977 296 3043 1792 eine kurze Abfertigung; - mehr, mehr, ein Hundert
3039 325 3086 510 davon!
3103 380 3166 1787 Gräfin. Mein Herr, ich bin eine arme Freundin
3160 315 3218 974 von euch, die euch liebt.
3229 379 3292 1788 Tölpel. O Gott, mein Herr! — Nur immer
3286 316 3352 891 zu, ſchont mich nicht.
3356 381 3424 1787 Gräfin. Ich glaube, mein Herr, ihr könnt nichts
3411 307 3473 1286 von dieſer Hausmannskoſt genießen.
3481 378 3548 1788 Tölpel. O Gott, mein Herr! — ja, ſetzt mich
3538 310 3601 1171 nur dazu, ich bürg' euch dafür.
3608 388 3673 1788 Gräfin. Ihr wurdet neulich gepeitſcht, mein Herr,
3666 327 3731 598 glaub' ich.
3731 341 3800 1787 Tölpel. O Gott, mein Herr! — ſchont mich
3793 330 3851 476 nicht.
3860 382 3925 1789 Gräfin. Schrei't ihr: „O Gott, mein Herr!"
3917 297 3977 1790 wie ihr gepeitſcht werdet, und „ſchont mich nicht?"
3969 295 4035 1790 Wahrhäftig, euer „O Gott mein Herr“ paßt
4024 294 4089 1788 recht gut zu euren Prügeln: ihr würdet einer Aus—
4080 296 4145 1713 peitſchung recht gut antworten, wenn ihr dazu kämt.
4148 378 4213 1783 Tölpel. Ich machte kein ſchlechter Glück in meinem
4203 292 4266 1784 Leben mit meinem „O Gott mein Herr!“ Ich
4259 296 4326 1783 ſehe, man kann ein Ding lange brauchen, aber nicht
4313 324 4378 726 ewig brauchen,
4368 381 4431 1786 Gräfin. Ich ſpiele eine, gute Haushälterin mit der
4423 294 4485 1788 Zeit, daß ich mich ſo luſtig mit einem Narr'n unter-
4482 331 4544 484 halte.
4529 349 4598 1787 Töllpell. O Gott, mein Herr! Ei, da traf es
4590 325 4647 627 wieder gut.
4638 383 4703 1787 Gräfin. Genug; an's Werk nun: gebt dies Helena
4693 303 4759 1618 Und treibt ſie gleich zu ſchneller Antwort drauf.
4748 304 4814 1579 Empfehlt mich meinem Vetter, meinem Sohn:
4802 320 4863 804 Das iſt nicht viel.
