2550 3606
254 1229 314 1317 12
425 429 503 2257 „Du haſt ihn das Geheimniß gelehrt, ſein Pfund zu einem
514 283 591 2264 Pfennig und ſeine Gewebe zu einem Faden umzuſchmelzen,
600 282 678 2261 Vetter,“  ſagte Giles Gosling. -  „Nimm keines Narren Rath
685 285 764 2263 an, Nachbar Goldthred. Wage Dich nicht aufs Meer, denn
772 285 849 2261 es iſt ein unerſättliches Raubthier. Mögen auch Karten und
860 280 936 2262 Dirnen ihr Schlimmſtes thun, Deines Vaters Waarenballen
947 281 1027 2265 mögen Dein luſtiges Leben wohl noch ein oder zwei Iahre
1027 283 1113 2265 gut machen, ehe Du in's Spital kommſt; doch das Meer hat
1123 284 1209 2260 einen bodenloſen Appetit, es würde den ganzen Reichthum von
1203 282 1289 2260 Lombard Street in einem Morgen ebenſo gemächlich verſchlin-
1297 283 1377 2263 gen, wie ich ein weich geſottenes Ei und ein Glas Claret -
1383 280 1459 2266 und was meines Vetters Eldorado betriſft, ſo traue mir nie-
1464 282 1547 2261 mals wieder, wenn ich nicht glaube, daß er es in den Taſchen
1557 282 1632 2259 ſolcher Einfaltspinſel wie Du gefunden hat. - Aber ſtopfe Dir
1643 282 1721 2259 die Naſe deshalb nicht voll Schnupftabak; greift zu und ſeid
1731 281 1808 2259 willkommen, denn hier kommt das Abendeſſen, und ich gebe
1817 283 1895 2261 es herzlich gern allen denen, die Theil daran nehmeu wollen,
1899 279 1983 2258 um die Rückkehr meines hoffnungsvollen Neffen zu feiern,
1991 278 2069 2258 indem ich das Vertrauen hege, daß er als ein anderer Mann
2078 280 2164 2260 zurückgekehrt iſt. - Wahrhaftig, Vetter, Du ſiehſt meiner armen
2157 284 2246 2211 Schweſter ſo ähnlich, wie nur je ein Sohn ſeiner Mutter.“
2252 425 2330 2254 „Doch nicht ähnlich dem alten Benedict Lambourne, ihrem
2338 283 2417 2260 Gatten,“ ſagte der Krämer nickend und winkend. „„Erinnerſt
2422 281 2502 2259 Du Dich, Michel, was Du ſagteſt, als des Schulmeiſters Ruthe
2510 280 2599 2259 über Dir ſchwebte, weil Du Deinem Vater die Krücken wegge-
2593 283 2675 2257 ſchlagen? - Es iſt ein kluges Kind, ſagteſt Du, welches ſeinen
2684 283 2760 2260 eigenen Vater kennt. Doctor Bricham lachte bis er weinte, und
2770 283 2852 2146 durch ſein Weinen wurdeſt Du des Weinens überhoben.“
2859 428 2936 2257 „Ia, er trug es mir ſpäter manches Iahr nach,“ ſagte
2944 182 3024 2261 Lambourne; „und wie geht es dem würdigen Pädagogen?“
3032 429 3108 2253 „Er iſt ſchon manchen Tag todt,“ ſagte Giles Gosling.
251 1226 314 1316 27
423 284 502 2260 regte? Treſſilian entſchloß ſich daher, ſein Emma gegebenes
509 286 598 2260 Wort unbedingt zu halten, ſowohl, weil er es einmal gege-
598 285 672 2262 ben, als auch, weil er immer zu dem Echluſſe kam, wenn er
686 288 760 2260 dieſe ſeltſame Unterredung überdachte, daß er es nicht mit
771 310 846 1298 Recht habe verweigern können.
859 431 935 2255 Wenigſtens war es ihm gelungen, dieſem unglücklichen
946 287 1022 2256 und noch immer geliebten Gegenſtande ſeiner frühern Neigung
1034 288 1110 2258 Schutz zu verſchaffen. Emma war nicht mehr in einem fernen
1120 286 1196 2260 und einſamen Hauſe unter der Obhut von Perſonen zweifel-
1207 286 1281 2260 haften Rufes. Sie war in dem Schloſſe Kenilworth, in dem
1292 288 1367 2260 Bereiche des königlichen Hofes, frei von ieder Geſahr der
1379 287 1459 2261 Gewaltthätigkeit, und verbunden, bei der erſten Aufforderung
1468 315 1549 1197 vor Eliſabeth zu erſcheinen.
1550 430 1629 2256 Während er ſo die Vortheile und Gefahren gegen einan-
1639 286 1716 2257 der abwog, welche ihr unerwartetes Erſcheinen in Kenilwoth
1725 286 1802 2260 begleiteten, wurde Treſſilian haſtig und ängſtlich von Way-
1810 287 1887 2259 land angeredet, der nach dem Ausrufe: „Gott ſei Dank, daß
1899 286 1975 2258 ich Euer Gnaden endlich gefunden!“ ihm mit großer Vorſicht
1986 288 2069 2262 die Nachricht zuflüſterte, daß die Dame aus Cumnor Plaee
2076 326 2148 731 entſlohen ſei.
2158 331 2238 2263 „Und ſie iſt gegenwärtig in dieſem Schloſſe,“ ſagte Treſ-
2246 231 2322 2263 ſilian; „ich weiß es und habe ſie geſehen. - Hat ſie aus
2331 293 2410 1984 eigener Wahl in meinem Zimmer Zuflucht geſucht?“
2420 314 2495 2260 „Nein,' antwortete Wayland; „doch ich konnte kein an-
2509 289 2583 2261 deres Mittel ſinden, ſie ſicher unterzubringen, und war nur
2595 291 2674 2260 zu glücklich, einen Diener aufzufinden, welcher wußte, wo Ihr
2681 287 2767 2337 einquartiert waret. Gewiß ſeid Ihr in angenehmer Geſell-
2760 1494 2850 2312 und die Küche auf der
2769 309 2843 1491 ſchaft, die Halle iſt auf der einen,
2856 326 2918 821 andern Seite!“
2937 435 3014 2260 „Still, dies iſt keine Zeit zum Scherzen,“ antwortete
3026 326 3101 855 Treſſilian finſer.
245 1203 305 1333 124
394 278 503 2256 wie Bienenwachs - ſah ihn beim Abendeſſen - ſpürte ihm
499 282 581 2253 bis auf ſein Zimmer nach - und am nächſten Morgen iſt er
586 283 667 2024 fort, ſo daß der Stallknecht ſelber nicht weiß wohin.“
671 420 760 2247 „Das ſieht aus, als hättet Ihr mir einen Streich ge-
753 276 841 2253 ſpielt,“ verſetzte Varney, „und bei meiner Seele, wenn es
845 297 929 1470 ſich ſo ſindet, ſollt Ihr es bereuen.“
933 423 1014 2247 „Auch der beſte Hund kommt zuweilen von der Spur ab,
1021 279 1099 2251 mein Herr,“ antwortete Lambourne; „was ſollte es mir hel-
1108 279 1188 2253 fen, ihn ſo durchgehen zu laſſen? Ihr könnt den Wirth Gi-
1197 273 1272 2427 les Gosling fragen - fragt den Kellner und den Stallknecht
1276 277 1359 2254 - fragt Cäcilien und das ganze Hausgeſinde, wie ich Treſſi-
1370 279 1443 2249 lian beobachtete, als er hier war. - Bei meiner Seele! ich
1457 278 1531 2248 konnte ihn doch nicht wie eine Krankenwärterin hüten, als
1543 279 1625 2255 ich ihn auf ſein Zimmer hatte gehen ſehen, um ſich zur Ruhe
1627 294 1708 1686 zu legen. Das werdet Ihr doch zugeben.“
1699 426 1797 2261 Varney ſtellte wirklich im Hauſe Nachforſchungen an,
1804 279 1881 2256 welche die Wahrheit von Lambourne's Ausſage beſtätigten.
1890 280 1994 2259 Alle ſagten einſtimmig, Treſſilian ſei plözlich und unerwartet
1978 306 2054 1215 vor Tagesanbruch abgereist.
2064 420 2143 2382 „Doch will ich Niemand Unrecht thun,“ ſagte der Wirth;
2151 230 2232 2260 „er ließ den vollen Betrag ſeiner Rechnung auf dem Tiſche
2239 279 2318 2258 zurück, nebſt Trinkgeld für die Dienerſchaft, was um ſo we-
2324 283 2403 2260 niger nöthig war, da er, wie es ſcheint, ſeinen Wallach ohne
2412 305 2494 1348 des Stallknechts Hülfe ſattelte.“
2499 426 2576 2254 Nachdem ſich Varney ſo von der Richtigkeit der Ausſage
2583 283 2664 2255 Lambourne's überzeugt hatte, begann er mit ihm von ſeinen
2668 278 2759 2256 künftigen Ausſichten und Plänen zu reden, indem er zugleich
2753 282 2835 2259 zu verſtehen gab, daß er von Foſter gehört habe, er ſei nicht
2843 291 2920 2018 abgeneigt in den Dienſt eines Edelmannes zu treten.
2921 423 3012 1889 „Seid Ihr je am Hofe geweſen ?“ fragte er.
3014 436 3097 1876 „Nein,“ verſetzte Lambourne; „aber ſeit ich
3019 1892 3096 2215 zehn Iahr
