2644 4304
447 1156 546 1662 WOODSTOCK.
657 549 758 2336 companion; and it was plain, from his melancholy
777 535 879 2332 yet displeased look, that the conversation was as
894 547 992 2329 distressing to himself as to her. When they sate
1014 549 1111 2330 down on the bench we have mentioned, the gen-
1133 539 1228 2331 tleman's discourse could be distinctly overheard
1253 541 1357 2490 by the eves-dropping soldier, but the answers of
1369 548 1466 2328 the young lady reached his ear rather less dis-
1484 583 1582 833 tinctly.
1605 634 1694 2322 "It is not to be endured," said the old man,
1719 545 1817 2330 passionately;" it would stir up a paralytic
1838 547 1938 2328 wretch to start up a soldier. My people have
1955 543 2060 2338 been thinned, I grant you, or have fallen off
2074 541 2169 2329 from me in these times - I owe them no grudge
2190 542 2285 2328 for it, poor knaves; what should they do when
2301 543 2398 2325 the pantry has no bread and the buttery no ale?
2418 545 2516 2325 But we have still about us some rugged foresters
2534 543 2639 2325 of the old Woodstock breed - old as myself most
2656 539 2757 2325 of them - what of that? old wood seldom warps
2771 541 2867 2323 in the wetting; - I will hold out the old house,
2893 545 2970 2325 and it will not be the first time that I have held
3011 547 3123 2323 it against ten times the strength that we hear
3128 580 3197 889 of now."
3246 637 3354 2323 "Alas! my dear father," - said the young
3367 546 3472 2320 lady, in a tone which seemed to intimate his pro-
3485 554 3594 2130 posal of defence to be altogether desperate.
