2940 4950
308 563 489 1818 GUY MANMERING.
291 2281 445 2552 97
564 214 703 2470 their spirits. "Here's to his good voyage!"
721 222 856 2479 said one of the seamen, drinking; "a
866 222 1010 2475 squally night he's got, however, to drift
1029 249 1164 1350 through the sky in."
1181 348 1287 2485 We omit here various execrations with
1335 216 1466 2705 which these honest gentlemen garnished
1491 225 1618 2478 their discourse, retaining only such of their
1645 229 1777 1990 expletives as are least offensive.
1796 362 1950 2473 "'A does not mid wind and weather -
1939 226 2086 2511 'A has had many a north-easter in his day.''
2108 260 2242 2719 "He had his last yesterday," said an-
2265 226 2394 2506 other gruffly, "and now old Meg may pray
2416 229 2533 2476 for his last fair wind as she's. often done
2567 260 2673 890 before.''
2719 364 2856 2468 "I'll pray for nane o' him,." said Meg,
2874 234 3010 2466 "nor for you neither, you randy dog.
3029 227 3130 2476 The times are sair altered since I was a
3174 179 3312 2475 kinchin-mort. Men were men then, and
3334 225 3468 2597 fought other in the open field, and there
3491 208 3618 2528 was nale milling in the darkmans.  And
3628 229 3788 2468 the gentry had kind hearts; and would
3796 225 3931 2469 have given both lap and pannel to ony
3954 226 4085 2530 poor gypsy; and there: was not one, from
243 478 345 2085 248  GUY MANNERING.
404 456 611 2913 tegrity unjustly suspected, that even Co-
597 449 776 2912 lonel Mannering was staggered in his bad
780 450 937 2911 opinion. He followed him two or three
1237 456 1369 2703 he had paid during his visit. Glossin left
1387 460 1528 2705 the house, half pleased with the impression
1536 449 1672 2909 he had made, half mortified by the stern.
1692 456 1843 2911 caution and proud reluctance with which
1837 454 1949 2911 he had been received. "Colonel Manner-
1940 456 2135 2912 ing might have had more politeness," he
2146 460 2279 2912 said to himself - "it is not every man that
2301 465 2436 2705 can bring a good chance of 400l. a-year
2452 468 2591 2705 to a pennyless girl. Singleside must be up
2604 461 2739 2911 to 400l a-year now-there's Reilagegan-
2729 463 2894 2911 beg, Gillifidget, Loverless, Liealone, and
2911 463 3051 2911 the Spinster's Knowe-good 400l. a-year.
3037 466 3209 2912 Some people might have made their own
3520 495 3654 1886 see how that is possible.''
3645 593 3825 2909 Glossin was no sooner mounted and
3813 470 3961 2912 gone, than the Colonel dispatched a groom
