2296 4088
384 303 494 462 324
382 823 537 1625 THE ANTIQUARY.
578 263 714 2150 religion holds most holy, tell me, reve-
726 267 853 2152 rend father, what I am to expect from a
845 272 967 2162 communication, opened by a token con-
982 270 1084 2160 nected with such horrible recollections?"
1107 353 1225 2151 The old man, appalled by a manner so
1236 264 1351 2158 different from what he had expected from
1364 275 1481 2161 the proud and powerful nobleman, was at
1498 277 1602 2163 a loss how to answer, and in what manner
1624 281 1749 2161 to undeceive him - "Tell me", continued
1740 279 1876 2162 the Earl, in a tone of increasing trepida-
1873 283 2004 2163 tion and agony - "tell me, do you come
1995 283 2120 2167 to say, that all that has been done to ex-
2129 285 2260 2167 piate guilt so horrible, has been too little
2266 284 2387 2187 and too trivial for the offence, and to point
2395 289 2481 2171 out new and more efficacious modes of se-
2512 266 2635 2168 vere penance? - I will not blench from it,
2652 291 2764 2171 father - let me suffer the pains of my
2771 293 2916 2173 crime here in the body, rather than here-
2909 240 3020 1339 after in the spirit!"
3034 303 3149 2171 Edie had now recollection enough to
3164 298 3275 2169 perceive, that if he did not interrupt the
3293 297 3417 2162 frankness of Lord Glenallan's admissions,
3409 299 3529 2179 he was likely to become the confidant of
3546 301 3659 2173 more than might be safe for him to know.
348 347 466 687 62
323 769 443 1658 THE ANTIQUARY.
527 298 675 2303 added to their national inrerest in his be-
666 302 789 2302 half. A travelling friar, they said, that is
795 251 933 2206 here to-day and away to-morrow, may say
921 302 1043 2302 what he pleases, but it is we, the ancient
1053 305 1175 2260 and constant inhabitants of the country,
1178 221 1311 2305 that are left at the mercy of the insulted
1295 301 1437 2331 daemon, and must, of course, pay for al
1433 302 1567 2292 Under the irritation occasioned by these
1557 302 1692 2300 reflections, the peasants from injurious
1693 302 1827 2214 language betook themselves to stones, and
1817 298 1954 2298 having pebbled the priest pretty hand
1943 221 2079 2179 somely, they dreve him owut of tle parish
2069 300 2202 2204 to preach against dmons elsewhere.
2187 396 2321 2204 Three young men, who had been pre-
2334 222 2463 2292 sent and assisting upon this occasion,
2452 226 2588 2306 were upon their return to the hut, where
2588 296 2717 2218 they carried on the laborious and mean
2713 292 2846 2302 occupation of preparing charcoal  for the
2835 292 2974 2303 smelting furnaces. On the way, their con-
2970 289 3099 2307 versation naturally turned upon the, de
3089 290 3228 2165 mon of the Harz and the doctrine of the
3217 225 3355 2334 capuchin. Max and George Waldeck, the
3345 286 3484 2311 two elder brohers, although they allowed
3471 287 3629 2309 the language of the capichin to have
331 244 472 1566 164 THE ANTIQUARY.
540 231 666 2113 the faith of a desperate and ruined man,
657 230 801 2131 I'll send you where you shall see spirits
774 200 908 776 enough."
923 335 1037 2123 The treasure-fnder, trembling between
1050 235 1175 2111 his terror for the supernatural beings by
1167 237 1290 2113 whom he supposed himself to be surround-
1304 231 1406 2126 ed, and for his life, which seemed to be at
1434 240 1556 2113 the mercy of a desperate man, could only
1564 222 1686 2177 bring out, "Mine patron, this is not the
1687 243 1832 2129 allerbestmost usage. Consider, mine ho-
1820 245 1934 1871 oured sir, that de spirits" --
1931 266 2073 2139 Here Edie, who began to enter into the
2068 245 2202 2121 humour of the scene, uttered an extraor-
2190 226 2328 2288 inary howl, being an exaltation and a
2318 247 2456 2296 prolongation of the most deplorable whine
2446 251 2584 2131 in which he was accustomed to solicit
2575 225 2713 2132 charity- Dousterswivel flung himself on
2699 255 2857 2139 his knees, "Dear Sir Arthurs, let us go, or
2821 287 2953 819 let me go!"
2947 278 3096 2136 "No, you cheating sondrel," said the
3085 257 3226 2296 knight, unsheatbing the sword which he
3218 262 3340 2129 had brought for the purposes of the exor-
3345 234 3480 2152 cism, "that shift will not serve  you -
3470 267 3629 2129 Monkbarns warhned me long since of your
