2760 4690
444 719 524 2362 CHAP. VI. THE VAGRANT. 133
651 261 765 2363 to find them stupid, and as unfit to assist him
795 259 911 2363 with counsel, as in the rencounter they had shewn
937 262 1054 2098 themselves reluctant to use their weapons.
1081 364 1189 2357 "It is all the better," said Quentin to himself,
1221 255 1337 2365 his spirit rising with the apprehended difficulties
1364 253 1482 2365 of his situation; "that lovely young lady shall
1510 253 1628 2367 owe all to me. - What one hand - ay, and one
1650 252 1770 2362 head can do, - methinks I can boldly count upon.
1792 253 1910 2371 I have seen my father's house on fire, and him and
1938 255 2052 2367 my brothers lying dead amongst the flames - I
2080 255 2195 2371 gave not an inch back, but fought it out to the
2222 255 2337 2369 last. Now I am two years older, and have the
2364 259 2472 2369 best and fairest cause to bear me well, that ever
2507 259 2597 2214 kindled mettle within a brave man's bosom."
2656 357 2769 2364 Acting upon this resolution, the attention and
2798 253 2912 2371 activity which Quentin bestowed during the jour-
2942 257 3058 2371 ney, had in it something that gave him the ap-
3086 255 3198 2371 pearance of ubiquity. His principal and most
3226 257 3340 2374 favourite post was of course by the side of the
3368 259 3472 2372 ladies; who, sensible of his extreme attention to
3512 259 3626 2376 their safety, began to converse with him in al-
3656 259 3770 2378 most the tone of familiar friendship, and appear-
3798 261 3913 2371 ed to take great pleasure in the naivete, yet
3938 261 4050 2371 shrewdness, of his conversation. Yet Quentin
397 453 477 2093 320 CHAP. XIII. TE FLIGHT.
619 549 731 2552 "Ay - my cousin - the Countess Hameline of
762 440 875 2544 Croye - know you aught of her ?" said the Count-
904 437 1018 2545 ess Isabelle; "I trust she is now under the pro-
1050 439 1156 2547 tection of the Burgundian banner. You are si-
1192 455 1302 1902 lent. Know you aught of her?"
1334 549 1443 2549 The last question, urged in a tone of the most
1476 437 1590 2550 anxious inquiry, obliged Quentin to give some
1619 439 1703 2548 account of what he knew of the Countess's fate.
1762 440 1864 2548 He mentioned, that he had been summoned to
1905 435 2016 2554 attend her in a flight from Liege, which he had
2049 435 2161 2552 no doubt the Lady Isabelle would be partaker in
2193 435 2305 2552 - he mentioned the discovery that had been made
2335 437 2447 2552 after they had gained the forest - and finally, he
2477 435 2577 2554 told his own return to the castle, and the circum-
2622 435 2706 2557 stances in which he found it. But he said no-
2759 433 2873 2554 thing of the views with which it was plain the
2901 437 3015 2556 Lady Hameline had left the Castle of Schon-
3039 437 3155 2566 waldt, and as little about the floating report of
3187 437 3302 2554 her having fallen into the hands of William de la
3330 439 3446 2556 Marck. Delicacy prevented hiseven hinting at the
3474 437 3588 2547 one, and regard for the feelings of his companion,
3618 439 3728 2554 at a moment when strength and exertion were
3756 437 3870 2556 most demanded of her, prevented him from allu-
