2501 4042
567 381 639 1561 chap. XII.] ARMY OF PHILIP.
551 1747 622 2025 275
657 369 754 2065 Flanders should enter Paris in great pomp after
761 365 845 2063 the engagement" The allies received as propi-
848 365 924 2066 tious an oracle, which afterwards turned out to be
937 367 1023 2067 of a different and ambiguous character: they ac-
1026 370 1110 2068 cordingly advanced at the head of a numerous
1114 367 1197 2066 army, amounting, it is said, to one hundred and
1202 366 1288 2068 fifty thousand men. They assembled at Peronne,
1291 369 1366 2068 in Flanders, and moved south-westwards into
1382 405 1443 661 France.
1465 453 1551 2067 The army of Philip was not nearly so numer-
1554 367 1635 2069 ous, but was composed of the flower of the French
1639 370 1728 2068 chivalry, with the great princes of the blood royal,
1730 368 1795 2071 and such of the vassals of the crown as were not
1818 367 1902 2071 in the confederaoy. The monarch also enjoyed the
1902 368 1991 2071 advantage of the bravery and experience of a va-
1994 367 2085 2073 liant kniglt-hospitaller, called Guerin, who acted
2078 368 2169 2072 as quartermaster-general. Philip, having deter-
2172 369 2255 2073 mined to prevent the wasting of his own country
2260 370 2343 2071 by ravaging that of the enemy, directed his course
2348 371 2432 2072 towards Hainault with that purpose. But in the
2436 372 2511 2072 course of their march, the French discovered the
2525 371 2608 2071 numerous squadrons of the Emperor, on the oppo-
2614 371 2687 2072 site side of the Meuse, near Bouvines. The river
2700 373 2784 2072 was crossed by,a wooden bridge. The French
2788 370 2865 2072 noblesse on the one side, and the German on the
2878 372 2960 2073 other, rushed emulously to seize the passage. But
2965 370 3049 2073 it was occupied by the former; and the French
3054 369 3138 2074 infantry, principally the militia of the towns, passed
3140 371 3216 2072 over under the Oriflamme, or banner of Saint De-
3227 371 3304 2073 nis, and formed on the western side of the river.
3317 379 3401 2073 The King had stretched himself to repose uuder
3404 370 3490 2095 an ash-tree, when he was roused by the horsemen.
505 319 593 2043 CHAP. XIV.] GOVERNMENT OF PHILIP III. 341
614 319 715 2062 ed her own life to save his. After the treaty of
718 326 801 2050 Tunis had been concluded, the Kings of France
808 319 891 2051 and Sicily returned to their dominions - Philip
896 319 979 2052 eager to take possession of the erown which had
984 320 1068 2057 fallen to him by inheritance, Charles desirous to
1072 322 1160 2050 secure and to enjoy that which he had obtained by
1175 353 1245 666 conquest.
1250 403 1336 2049 Philip, the third of that name, called the Hardy,
1339 318 1421 2051 seems to have been disposed to distinguish him-
1420 319 1511 2049 self by enforcing the wise laws of King Louis, his
1514 315 1597 2049 father, for preventing private wars among his vas-
1599 316 1687 2049 sals. He had soon an opportunity to show this
1690 317 1774 2049 disposition, in the manner he acted in a quarrel
1777 315 1845 2048 between the Count of Foix and some of his vassals.
1867 321 1951 2048 The King espoused the cause of the latter, and at
1955 314 2041 2059 the head of his royal forces, besieged the castle of
2044 317 2138 2049 Foix, compelled the Count to surrender, detained
2131 312 2220 2048 him a certain time in prison, and only dismissed
2224 314 2306 2047 him upon complete submission. The vigour of the
2313 314 2395 2046 government upon this occasion shows the perma-
2402 314 2483 2047 nent result of the just and firm conduct of Saint
2489 319 2575 2044 Louis. But the King's most remarkable adven-
2580 312 2664 2047 tures occurred in his own family, and were of a
2667 334 2750 1141 very distressing nature.
2754 399 2843 2042 In his return from the crusade through Italy,
2844 317 2927 2044 King Philip had the misfortune to lose his beauti-
2931 310 3020 2043 ful wife, Isabel of Aragon, who had not hesitated
3021 309 3110 2043 to follow him to the melancholy crusade in which
3109 310 3195 2041 the royal family sustained so much loss. In the
3200 311 3284 2046 course of this journey, the Queen, being then near
3286 310 3362 2040 her confinement, was thrown from her horse in
3373 311 3465 2044 crossing a river, and died in consequence. Isabel,
520 301 589 1582 CHAP. XV]  TRIAL OF MARIGNY.
501 1832 571 1962 369
624 289 706 2004 that the Kings of England laid claim to the inheri-
713 285 789 2143 tance of France, in contradiction te the Salic law,
800 288 884 2004 and in right of this same Isabel's succession to her
891 322 953 541 father.
978 372 1054 2002 Louis X., whom, for some uncertain reason, the
1066 289 1149 2004 French called Hutin (or the Turbulent), next as-
1155 286 1239 2005 cended the throne. The first point he had to con-
1243 283 1325 2012 sider was the bringing to account the favourite of
1331 284 1415 2001 the deceased monarch, Enguerrand de Marigny,
1416 282 1500 2001 who had been the agent of Philip's exactions, and
1504 282 1592 2001 was supposed to have peculated enormously, as the
1593 281 1679 2001 money passed through his hands. Called before
1681 280 1765 2002 the princes of the blood, and closely interrogated
1769 278 1852 2009 by the brother of the late king, Charles, Count of
1859 290 1942 2000 Valois, in particular, who, in fact, governed in the
1947 276 2031 2001 name of his nephew, the accused party answered
2036 302 2118 1007 with great insolence.
2125 357 2200 1997 "Where," said the Count de Valois, "are the
2212 289 2295 1394 treasures of the late king?"
2300 357 2384 1998 "You shall have a good account of them," an-
2389 288 2473 1348 swered the prisoner, haughtily.
2476 355 2560 1996 "Give it me, then, instantly," answered the
2565 307 2630 544 Prince.
2651 352 2740 1995 "Since you press me to speak," replied Ma-
2742 278 2828 1995 rigny, "I have given you one half of the treasure
2826 269 2917 1994 of the late king, your brother, and, with the other
2918 281 3008 1558 half, I have paid his majesty's debts."
3009 350 3095 1729 "You lie," replied the Prince, in a rage.
3095 352 3189 1673 "You lie yourself," replied Marigny.
3172 354 3271 1987 In consequence of this intemperate and insult-
3263 263 3354 1989 ing conduct, the fallen favourite was arrested,
3350 264 3446 1979 thrown into prison, and brought to trial, when he
3457 369 3512 757 VOL. XXVII.
3453 1106 3515 1239 2 A
