2584 3522
222 1227 313 1384 122
390 292 471 1627 Voll widerwärt'ger Fehler, ſchnöder Flecken,
459 287 537 1814 Krummbeinig, lahm, geſchwärzt und mißgeſtaltet,
528 291 607 1621 Bedeckt mit Mälern, widerwärt'gen Zeichen,
599 294 678 1521 So ſorgt' ich nicht, ich würde ruhig ſein;
668 294 741 1465 Ich würde nicht dich lieben und auch du
735 291 809 1653 Wärſt deiner fürſtlichen Geburt nicht werth,
804 288 879 1739 Verdienteſt nicht die Kron'. Doch du biſt ſchön;
873 287 946 1754 Und, theurer Knab', Natur und Glück verbanden
941 294 1015 1520 Dich groß zu machen ſich, bei der Geburt.
1011 301 1084 1306 Von Gaben der Natur, der Lilien
1078 287 1155 1660 Kannſt du dich rühmen, halberblühter Roſen;
1147 292 1222 1559 Doch, weh' Fortuna iſt von dir gewendet,
1216 292 1293 1648 Beſtochen und verwandelt, buhlt ſie ſtündlich
1286 293 1358 1672 Mit deinem Ohm Iohann; mit goldner Hand
1354 293 1427 1555 Hat ſie den König Frankreichs angetrieben
1423 290 1496 1713 Der Herrſchaft hohes Recht in Grund zu treten,
1492 296 1564 1453 Und ſich zu ihrem Kuppler herzugeben.
1559 302 1634 1476 Fortunens Kuppler iſt er und Iohanns,
1618 287 1698 1898 Die mit ihm buhlt, dem frechen Kronenräuber. -
1694 287 1772 1904 Nun ſag' mir, Mann, iſt Frankreich nicht meineidig?
1764 294 1839 1520 Vergifte mir mit Worten ihn, ſonſt geh',
1833 291 1927 1556 Und laß dies Weh allein, das ich allein
1904 309 1978 941 Nun tragen muß.
1984 369 2063 1445 Sal. Verzeiht mir, hohe Fürſtin,
2054 293 2131 1690 Ohn' euch kann ich nicht zu den Kön'gen gehn.
2140 359 2217 2114 Conſt. Du kannſt, du ſollſt, ich will nicht mit dir gehn
2210 297 2285 1580 Ich will mein Leid erſt lehren ſtolz zu ſein;
2278 292 2352 1703 Denn Leid iſt ſtolz und macht den Eigner ſtark.
2349 294 2422 1561 Vor mich und meines großen Leides Staat
2416 297 2491 1457 Laß Kön'ge treten, denn ſo groß iſt es,
2486 305 2560 1347 Daß nur die feſte ungeheure Erde
2554 298 2627 1624 Es tragen kann; hier ſitz' ich und mein Leid,
2621 295 2697 1731 Hier iſt mein Thron, laß ſich die Kön'ge neigen.
2686 1412 2748 2208 (Sie wirft ſich auf den Boden.)
2754 325 2820 2240 König Iohann, König Philipp, Louis, Blanca, Eleonore, der
2813 618 2874 1954 Baſtard, Oeſterreich und Gefolge treten auf.
2867 363 2947 1882 K. P hil. Ja, ſchöne Tochter, dieſer Freudentag
2933 297 3014 1685 Sei ſtets in Frankreich als ein Feſt gefeiert:
199 1302 270 1432 126
370 441 449 2000 Conſt. So mag geſetzlich und erlaubt es ſein,
442 384 514 1595 Daß ich mit Rom nun eine Weile fluche!
510 386 590 1418 Ruf Amen, guter Vater Kardinal,
580 377 653 1687 Zu meinem harten Fluch denn, außer mir,
649 379 726 1709 Hat keine Zunge Macht ihm recht zu fluchen.
907 377 980 1779 So ſei es recht, daß Recht nicht Unrecht wehrt:
974 375 1050 1782 Recht gibt nicht meinem Sohn das Königreich;
1045 372 1116 1780 Denn wer das Recht beſitzt, der übt das Recht:
1114 371 1184 1728 Drum, da das Recht vollkommen Unrecht iſt,
1182 368 1257 1909 Wie kann das Recht der Zung' den Fluch verbieten?
1284 433 1362 2173 Pand. Philipp von Frankreich, auf Gefahr des Fluchs,
1355 374 1428 1692 Laß des Erzketzers Hand ſogleich Ietzt fahren,
1424 370 1499 1721 Und richte gegen ihn nun Frankreichs Macht,
1492 375 1565 1635 Wenn er nicht Rom ſich ſelber unterwirft.
1591 432 1671 2241 Eleon. Blaß, Frankreich? O zieh nicht die Hand zurück.
1679 435 1756 2139 Conſt. Sieh, Teufel, zu, daß Frankreich nicht bereue,
1748 372 1831 1680 Denn ihre Trennung nimmt dir eine Seele.
1826 434 1908 1978 Oeſter. Hör', König Philipp, auf den Kardinal.
1916 432 1993 2059 Baſt. und häng' ein Kalbfell um die feigen Glieder.
2018 429 2096 2136 Oeſter. Gut, Schurk', ich ſtecke deinen Spott jetzt ein,
2090 397 2152 639 Weil -
2176 443 2250 1586 Baſt. Eure Hoſen dazu weit genug.
2261 430 2339 2080 K. Ioh. Philipp, was ſagſt du zu dem Kardinal?
2345 433 2419 1930 Conſt. Wie ſpräch' er anders als der Kardinal?
2445 426 2525 2214 Louis. Bedenkt euch, Vater; 's iſt der Unterſchied:
2520 347 2592 1789 Hier der Erwerb des ſchweren Fluchs von Rom,
2588 363 2688 1906 Dort leichteuer Verluſt von Englands Freundſchaſt:
2655 384 2729 983 Das Klein're wählt.
2911 371 2987 1575 Dich in Geſtalt der unentweihten Braut.
178 1108 292 1284 129
376 234 460 1374 Doch du ſchwurſt gegen die Religion;
452 227 531 1596 Du ſchwöreſt wider das, bei dem du ſchwörſt;
521 228 597 1497 Du ſchwörſt 'nen Eid, um gegen einen Eid
590 227 669 1640 Für deine Treu' zu zeugen: denn die Wahrheit
653 225 737 1543 Iſt, daß du deines Schwurs nicht ſicher biſt,
728 224 805 1616 Und ſchwöreſt nur, meineidig nicht zu werden;
796 219 873 1822 Was für ne Spötterei wär's ſonſt zu ſchwören?
866 223 941 1565 Du aber ſchwörſt, meineidig nur zu werden;
934 220 1010 1524 Meineidig noch am meiſten, wenn du hältſt
1000 223 1078 1546 Was du geſchworen. Nun, dein letzter Eid,
1072 223 1147 1487 Entgegen deinem erſten, iſt Empörung,
1142 222 1217 1569 Empörung gegen dich: drum kannſt du beſſer
1211 225 1288 1512 Nicht ſiegen, als wenn du dein edles Selbſt
1279 187 1355 1443 Bewaffneſt wider dieſe eitle Lockung;
1347 227 1423 1431 Daß du dies Beſſre wähleſt, beten wir,
1416 225 1492 1493 Wenn das Gebet du würdigeſt; doch wiſſe,
1485 222 1559 1666 Wenn nicht, ſo fallen unſre Flüch' auf dich
1533 221 1631 1668 Ss ſchwer, daß du ſie nicht abſchütteln kannſt,
1806 303 1883 1203 Baſt. Wird's nicht bald?
1879 221 1956 1688 Wird nicht ein Kalbfell dir das Maul verſtopfen?
1967 303 2041 1456 Louis. Auf, Vater, zu den Waffen!
2069 308 2145 1120 Blanca. Wie, am Tag
2136 225 2212 1488 Der Hochzeit? Gegen jenes Blut, dem du
2201 224 2280 1519 Dich haſt vermählt? Wie, ſollen unſer Feſt
2274 229 2349 1563 Erſchlagne feiern? Schmetternde Trompeten
2339 221 2417 1769 Und Trommelwirbel, - Lärm der grauſen Hölle -
2411 229 2491 1502 Den Feſtaufzug begleiten? Mein Gemahl,
2479 225 2558 1600 O hör' mich! - wie ſo neu das Wort Gemahl
2549 225 2622 1611 In meinem Munde! - ja, um dieſen Namen,
2617 225 2695 1593 Den meine Zung' bis jetzt nicht ausgeſprochen,
2685 223 2768 1623 Ich bitt' auf meinen Knie'n, bewaffne dich
2759 217 2833 1022 Nicht gegen meinen Ohm.
2858 311 2932 1189 Conſt. Auf meinen Knie'n,
2923 231 3003 1431 Durch Knieen abgehärtet, bitt ich dich,
2999 344 3104 613 III.
