2488 3442
250 1145 326 1306 101
441 271 530 2226 ohne weiter zu gehen. Ihr ſagt, die beiben Diener wären Mem-
529 269 611 2226 men, - ihr und euer Kamerad könnt ſie gewältigen, und der Teu-
604 266 705 2248 fel ſoll mich holen, wenn ich's nicht mit eurer ſchottiſchen wilden
700 304 771 818 Katze aufnehme.“
773 276 862 2227 „Ihr werdet finden, daß das tollkühn ſein heißt,“ ſagte Hay-
868 272 947 2227 raddin; „denn abgeſehn davon, daß wir ſelber nicht beſondre Fech-
954 273 1030 2229 ter ſind, ſo hat ſich dieſer Burſch mit dem beſten Ritter in Frank-
1039 270 1122 2229 reich gemeſſen, und iſt mit Ehren davon gekommen - ich habe die
1123 238 1226 1906 geſehen, die ihn dem Dunois hart genug zuſetzen ſahen.“
1227 314 1304 2228 „Hagel und Sturmwetter! 's iſt nur eure Feigheit, die aus
1310 290 1408 1548 euch ſpricht,“ ſagte der deutſche Soldat.
1409 412 1500 2227 „Ich bin ſo wenig feig als ihr ſelber,“ ſagte Hayraddin; „aber
1498 270 1580 2235 ſechten iſt nicht meine Sache. Wenn ihr es laßt, wie es verabredet
1573 266 1663 2358 ward, ſo iſt's gut - wo nicht, ſo führe ich ſie ſicher zu des Biſchofs
1667 269 1744 2232 Palaſt, und Wilhelm von der Mark kann ſich ihrer dort leicht be-
1750 266 1854 2232 mächtigen, vorausgeſetzt, daß er nur halb ſo ſtark iſt, als er vor
1840 293 1915 1033 einer Woche behauptete.“
1932 411 2018 2228 „Potztauſend!“ ſagte der Soldat, „wir ſind ſo ſtark und noch
2027 264 2103 2232 ſtärker; aber wir hören eben von den hundert Lanzen von Bur-
2110 234 2188 2234 gund das iſts, ſiehſt du; fünf Mann auf die Lanze machen Fünf-
2191 272 2275 2239 hundert, und dann hol mich der Teufel, wenn ſie nicht eher uns ſu-
2283 272 2359 2234 chen werden, als wir ſie; denn der Biſchoff hat eine gute Macht
2368 288 2447 1320 auf den Beinen, das bleibt wahr!“
2451 380 2548 2230 „Es bleibt alſo bei dem Hinterhalt am Kreuze der drei Könige,
2549 183 2639 2119 ober ihr müßt das Unternehmen aufgeben,“ ſagte der Zigeuner.
2646 411 2739 2233 „Aufgeben, aufgeben das Unternehmen mit der reichen Braut
2742 242 2817 2238 für unſern edlen Hauptmann - Teufel! Erſt wollt ich's mit der
2827 177 2903 2238 Hölle aufnehmen. - Mein Seel, wir alle werden Fürſten und Her-
2910 275 2988 2254 zöge ſein, die ſie hier Ducs nennen, und wir werden Schnaps im
2996 272 3077 2234 Weinkeller haben und franzöſiſche Kronen die ſchwere Menge, und
288 1159 348 1283 115
482 243 562 2200 den Sagen und Liedern ſeiner Heimat ergötzt, von denen er die letz-
564 246 646 2200 tern in ſeiner Mutterſprache ſang, während ſeine Bemühung, die
654 245 731 2200 letztere in ſeinem fremdartigen und unvollkommenen Franzöſiſch wie-
738 244 817 2203 derzugeben, hundert kleine Mißverſtändniſſe und Irrthümer der
825 247 900 2202 Sprache veranlaßten, ſo unterhaltend wie die Erzählungen ſelbſt.
901 247 984 2201 Aber an dieſen ſorgenreichen Morgen ritt er zur Seite der Damen
994 246 1070 2203 von Croye ohne die gewöhnlichen Verſuche, ſie zu unterhalten, zu
1079 246 1154 2203 machen, und es mußte ihnen natürlich ſein Schweigen als etwas
1157 268 1239 1212 außerordentliches auffallen.
1250 384 1324 2200 „Unſer junger Begleiter hat einen Wolf geſehn,“ ſagte Dame
1335 245 1411 2205 Hameline, auf einen alten Aberglauben anſpielend, „und er hat
1420 254 1494 1182 die Sprache darüber verloren.“
1505 384 1580 2202 „Zu ſagen, ich hätte einen Fuchs aufgeſpürt, wäre paſſen-
1591 250 1667 2020 der,“ dachte Quentin, ohne dies laut zur Antwort zu geben.
1670 340 1758 2204 „Befindet ihr euch wohl, Herr Quentin?“ ſagte Gräfin Iſa-
1751 239 1841 2327 belle in ſo theilnehmendem Tone, daß ſie ſelbſt darüber erröthete,
1844 247 1921 2207 während ſie fühlte, daß ſie etwas weiter gegangen, als der Abſtand
1931 279 2008 1004 zwiſchen ihnen geſtattete.
2013 385 2092 2205 „Er hat zu lange bei den luſtigen Mönchen geſeſſen,“ ſagte
2097 250 2174 2210 Dame Hameline; „die Schotten gleichen den Deutſchen, die all
2185 249 2268 2211 ihre Luſt beim Rheinwein dran geben, und dann nur wankende
2261 249 2360 2211 Schritte zum Abendtanz und ſchmerzende Häupter am Morgen ins
2356 274 2432 1091 Frauengemach mitbringen.“
2442 385 2517 2341 „Nein, ſchöne Damen,“ ſagte Quentin; „ich verdiene euren
2527 250 2602 2212 Tadel nicht. Die guten Mönche waren faſt die ganze Nacht bei ih-
2612 252 2686 2214 rer Andacht beſchäftigt; und was mich betrifft, mein Trank war
2695 257 2783 1968 blos ein Becher ihres dünnſten und gemeinſten Weines.“
2776 389 2868 2211 „Die Schlechtigkit ſeines Mahles iſts, was ihm die gute
2867 255 2941 2216 Laune geraubt hat,“ ſagte die Gräfin Iſabelle. „Munter, Herr
2949 255 3025 2218 Quentin; und ſollten wir je mein altes Schloß von Bracguemont
3033 257 3114 2214 mit einander beſuchen, ſo will ich ſelber euer Mundſchenk ſein und
3119 1615 3190 1708 8*
207 1221 273 1351 174
377 301 482 2270 ſuchte erſt mittelſt der Marthon mit Ludwig in Verbindung zu tre-
489 304 564 2270 ten; aber wie es ſcheint konnte ſie nicht zu ihm gelangen, ſondern
575 303 658 2267 nur zum Aſtrologen, dem ſie alle Vorgänge auf der Reiſe und zu
653 302 734 2274 Schönwald mittheilte; ſchwerlich aber werden ihre Nachrichten je
745 303 821 2271 zu Ludwig gelangen, außer in der Form einer Prophezeiung. Aber
830 301 906 2268 hört mein Geheimniß, welches wichtiger iſt, als irgend ein Umſtand,
916 302 999 2267 den Marthon mitzutheilen hatte. Wilhelm von der Mark hat eine
994 301 1077 2266 zahlreiche und ſturke Heeresmacht in der Stadt Lüttich verſammelt,
1086 303 1168 2264 und vermehrt ſie täglich mit Hilfe der Schätze des alten Prieſters.
1163 304 1244 2265 Aber er gedenkt keineswegs eine Schlacht mit der burgundiſchen
1256 303 1331 2268 Ritterſchaft zu wagen, und noch weniger eine Belagerung in der
1340 302 1415 2263 ſchlechtbefeſtigten Stadt auszuhalten. Er denkt folgendermaßen
1426 302 1500 2267 zu verfahren: - er will den hitzköpſigen Karl die Stadt ohne Wi-
1511 300 1585 2389 derſtand berennen laſſen, in der Nacht aber mit ſeiner ganzen Macht
1596 305 1671 2284 einen Ausfall gegen die Belagerer thun. Viele will er als franzöſi-
1681 305 1754 2266 ſche Krteger verkleiden, die ſich des Feldgeſchrei's „Frankreich!
1765 304 1838 2282 Saint Louis! und Denis Montjoie!“ bedienen ſollen, als ob eine
1848 303 1926 2267 ſtarke Abtheilung franzöſiſcher Hilfstruppen in der Stadt läge.
1936 302 2010 2267 Dies muß nothwendig Verwirrung unter den Burgundern hervor-
2019 303 2094 2268 bringen; und wofern König Ludwig mit ſeinen Leibwachen, ſeinem
2106 307 2180 2267 Gefolge und den Kriegern, die er etwa mit ſich führt, die Anſtren-
2192 306 2268 2271 gungen des Ebers der Ardennen unterſtützt, ſo zweifelt dieſer nicht
2277 305 2351 2269 an einer gänzlichen Niederlage des burgundiſchen Heeres. - Dies
2360 305 2436 2274 iſt mein Geheimniß und ich vermache es euch. Fördert oder hindert
2439 304 2521 2269 das Unternehmen - verkauft die Kunde an König Ludwig oder an
2530 309 2606 2273 Herzog Karl, mir iſt das einerlei - rettet oder verderbt wen ihr
2613 305 2690 2274 wollt; ich für mein Theil bedauere nur, daß ich die Sache nicht
2701 308 2776 2274 gleich einer Mine in die Luft ſprengen kann, um Alle miteinander
2787 343 2862 788 zu verderben!“
2871 443 2946 2268 „Es iſt in der That ein wichtiges Geheimniß, ſagte Quentin,
2956 307 3034 2274 der alsbald begriff, wie leicht die Nationaloiferſucht in einem Lager
