2588 3704
424 1249 486 1379 134
618 468 696 2282 „Nun, wenn ich das Geheimniß beſäße,“ ſagte der Bettler,
705 328 781 2282 „ſo würde ich auf der Hälfte beſtehen; denn ſehen Sie, obwohl ich
789 328 870 2279 ein zerlumpter armer Kerl bin und Silber oder Gold nicht verkau-
874 325 950 2279 fen dürfte, aus Furcht, aufgehangen zu werden, ſo könnt ich doch
961 327 1036 2280 Leute finden, die es mir mit beſſerm Profite abnähmen, als Sie es
1046 361 1120 890 im Sinne haben.“
1146 466 1223 2276 „Ach, Himmel! - mein guter Freund, was hab' ich denn ge-
1229 322 1312 2281 ſagt - ich wollte ſagen, Sie ſollten dreiviertel, ſtatt die Hälfte
1316 314 1393 1891 haben, und für mich wollt' ich nur das eine Viertel.“
1415 464 1495 2272 „Nein, nein, Mr. Doufterswivel, wir wollen gleich theilen,
1504 322 1578 2277 was wir finden, gleich, wie Brüder. Nun beſehn Sie den Deckel
1588 323 1664 2276 da, den ich aus dem Wege warf in den finſtern Winkel, während
1673 319 1747 2395 Monkbarns dort das Silber unterſuchte. Ich war froh, daß er
1758 319 1834 2375 dies nicht zu ſehen bekam. Er hat ein ſcharfes Auge. Sie werden
1839 319 1919 2275 die Schrift beſſer leſen können als ich - ich bin kein Bücherleſer,
1928 343 2018 1349 wenigſtens hab ich keine Uebung.“
2028 462 2106 2268 Mit dieſer beſcheidenen Erklärung ſeiner Unkunde, brachte
2115 317 2192 2272 Ochiltree hinter einem Pfeiler den Deckel des Silberkaſtens hervor,
2201 317 2277 2271 der, nachdem er abgelöſt worden, während der gierigen Unter-
2285 316 2361 2269 ſuchung deſſen, was er barg, nachläſſig bei Seite geworfen wor-
2370 316 2447 2271 den war, und den der Bettler ſodann, wie es ſchien, verſteckt hatte.
2456 316 2532 2274 Es ſtand ein Wort und eine Ziffer auf dem Brete, und der Bettler
2538 315 2618 2270 machte dies deutlicher, indem er auf ſein zerlumptes blaues Taſchen-
2624 313 2701 2270 tuch ſpuckte und damit den Staub, der die Inſchrift verdunkelte,
2709 319 2787 2142 abwiſchte. Sie war mit gewöhnlichen Buchſtaben geſchrieben.
2813 456 2889 2172 „Können Sie's herausbringen,  ſagte Edie zum Adepten.
2914 452 2990 2269 „S,“   ſagte der Philoſoph, indem er wie ein Kind in der
2997 302 3076 2265 Schule buchſtabirte; „S, T, A, R, C, H, - Starch - das
3082 312 3161 2267 iſt, was die Waſchweiber zu Halstüchern und Hemdkragen
3167 351 3240 667 brauchen.“
1141 635 1244 1719 D r i t t e s  K a p i t e l.
1346 856 1442 1500 -
1522 855 1617 2101 Wie heißt die Schuld, die nie geſtandne That,
1611 857 1681 1996 Die niemand kennt, die keine Buße ſühnt
1683 853 1752 2040 - - - - Feſt bleibt ein jeder Muskel
1752 857 1821 1965 An ſeiner Stelle, feſt, doch nicht erſtarrt;
1816 852 1885 2107 Kein ſchnell Erröthen und kein Lippenbeben. -
1901 1016 1996 2122 Die geheimnißvolle Mutter.
2053 218 2129 2158 Der Sarg hatte die Stelle verlaſſen, wo er erſt ſtand. Die
2137 189 2214 2324 eidtragenden waren der Reihe nach, wie es ihr Rang oder der
2222 201 2299 2156 Grad der Verwandtſchaft mit dem Verſtorbenen mit ſich brachte,
2308 194 2390 2156 aus der Hütte gegangen, während die jüngern männlichen Ge-
2393 196 2472 2160 ſchwiſter der Bahre ihres Bruders nachgeführt wurden, um mit
2481 203 2557 2158 Verwunderung eine Ceremonie zu betrachten, die ſie kaum begrei-
2565 195 2641 2156 fen konnten. Dann erhoben ſich zunächſt die weiblichen Verwand-
2650 201 2727 2160 ten und nahmen, in Betracht der Lage der Aeltern, die Mädchen
2737 197 2812 2162 der Familie mit, um dem unglücklichen Paare Zeit und Gelegenheit
2821 205 2898 2158 zu geben, ihre Herzen gegenſeitig aufzuſchließen und durch Mit-
2906 195 2984 2161 theilung ihren Gram zu mildern. Aber ihre freundliche Abſicht war
2993 197 3069 2156 ohne Nutzen. Kaum hatte die letzte Perſon die Hütte verlaſſen und
3073 197 3172 2158 die Thür leiſe hinter ſich zugemacht, als der Vater, nachdem er
340 1225 401 1347 189
525 302 613 2335 laufen, und es heißt, ſie ſei von einer franzöſiſchen Flotte geiagt
623 345 680 620 worden.“
720 446 801 2246 „Die Search!““ ſagte Oldbuck, einen Augenblick nachſinnend
810 343 883 699 -„Oho!“
911 453 986 1950 „Ja, ja! Capitain Taffrils Brigg, die Search.“
1006 444 1096 2246 „Wie! iſt die verwandt mit: Search No.2.?“ ſagte Old-
1090 303 1176 2252 buck, indem er den Lichtſtrahl aufſing, den der Name des Fahr
1181 314 1273 1886 zeuges auf die räthſelhafte Schatzkiſte zu werfen ſchien.
1285 446 1362 2252 Der Bettler hielt ſich, wie ein Menſch, den man auf einer
1372 307 1447 2253 Schelmerei ertappt, die Mütze vors Geſicht, konnte aber doch
1456 305 1533 2253 nicht umhin, herzlich zu lachen. „Jn Ihnen ſitzt der Teufel,
1542 307 1628 2254 Monkbarns, Sie kommen hinter Alles. Wer hätte gedacht, daß
1622 309 1704 2254 Sie das ſo zuſammenreimen würden! der Henker! ich habe mich
1715 344 1789 944 ſchön fangen laſſen.“
1785 449 1877 2255 „Ich ſehe alles ſo deutlich,“  ſagte Oldbuck, „wie die Um-
1884 311 1960 2259 ſchrift auf einer gut erhaltenen Münze. Der Kaſten, worin das
1971 309 2054 2332 Metall gefunden ward, gehörte zur Brigg und der Schatz kam von
2049 312 2132 2258 meinem Phönir?“ (Edie nickte bejahend.) „Und er ward dort ver-
2139 318 2219 2070 graben, um Sir Arthur in ſeiner Verlegenheit zu tröſten?“
2244 451 2322 2255 „Durch mich,“   ſagte Edie, ,,und zwei von den Seeleuten;
2330 321 2406 2263 dieſe wußten aber nicht, was darin war und glaubten nur, es ſei
2415 314 2492 2262 ein Bißchen Schmuggelwaare für den Capitain. Ich wachte Tag
2502 313 2578 2263 und Nacht, bis ich es in den rechten Händen ſah, und als dann der
2588 313 2664 2260 deutſche Teufel den Deckel der Kiſte ſo anſah, da gab es mir glaub'
2674 316 2750 2264 ich ein ſchottiſcher Teufel ein, ihm den Poſſen zu ſpielen. Nun ſehn
2759 315 2835 2265 Sie doch, ich durfte dem Richter Kleinhans nicht mehr und nicht
2844 315 2921 2268 weniger ſagen, wenn ich nicht die ganze Geſchichte verrathen wollte,
2931 315 3007 2259 und dann waren doch Unannehmlichkeiten für Lovel entſtanden.
3016 317 3091 2262 Drum dacht' ich, ich will lieber alles andere, als das kommen
3104 358 3177 583 laſſen.“
